2975 4800
215 311 344 390 29⁸.

249 503 360 576 ἧς.
388 514 498 572 364.

255 3435 366 3501 Pag.
393 3438 503 3493 365.

890 267 2211 386 JOANNISLELANDI

645 507 780 588 Ex
829 499 1014 584 libro
1067 501 1342 584 incerti
1373 506 1658 585 autoris
1694 503 1779 584 de
1819 505 1993 594 visa
2014 506 2107 596 ⁴S.
2142 505 2463 614 ngl‘nt'

1142 614 1439 730 epssopi
1492 615 1951 697 W'cciorum.

788 827 848 888 G
867 827 951 888 W
973 827 1002 886 1
1030 825 1092 888 N
1115 825 1175 886 U
1193 827 1233 888 S
1279 823 1456 906 regali
1486 845 1562 886 ex
1596 819 1857 911 prosapia
1886 840 2071 890 ortua

919 911 1208 995 nginus
1257 908 1452 973 factus
1508 909 1814 994 episcopus
1870 915 2238 976 wicciorum
2298 927 2567 998 tempore

819 998 1154 1062 AEthelredi
1185 1000 1338 1081 regis
1369 1001 1559 1060 Mete:

901 1089 1104 1148 Locus
1120 1101 1244 1148 erat
1263 1089 1322 1148 in
1344 1086 1642 1147 territorio
1652 1085 2045 1168 Wigornienfi
2072 1085 2269 1149 dumis
2290 1107 2358 1148 ac
2373 1085 2567 1166 vepri-

530 1165 649 1230 bus
677 1169 983 1236 condensis
1011 1173 1287 1246 incultus,
1319 1175 1425 1254 qui
1455 1171 1489 1233 Ξι
1516 1173 1809 1236 modernis
1828 1173 2155 1236 Eovclham
2188 1173 2559 1256 appellatum

531 1257 649 1316 alio
689 1261 868 1322 etiam
897 1260 1196 1327 vocabulo
1227 1259 1621 1324 Hetlzeliolrne
1664 1279 2061 1344 nuncupatur.
2150 1265 2329 1324 Hunc
2359 1261 2570 1344 beatus-

533 1343 830 1424 nginus
879 1350 914 1412 ὲ
970 1369 1106 1432 rege
1163 1350 1320 1410 Mer:
1369 1345 1721 1410 AEtbelredo
1777 1351 2049 1429 expetiit,
2112 1349 2172 1410 &
2228 1349 2563 1430 expetitum

535 1430 818 1496 othnuit.
906 1437 1051 1510 Jure
1075 1435 1182 1498 fibi
1205 1435 1468 1497 concesso
1483 1431 1656 1516 super
1680 1435 2017 1516 praediftam
2038 1431 2276 1518 sylvam,
2302 1449 2565 1518 quatuor
2596 1444 2605 1458 '

538 1535 648 1599 per
675 1537 806 1581 eam
835 1516 1110 1584 subulcos
1141 1521 1214 1584 ad
1245 1521 1519 1583 vistualia
1547 1519 1847 1586 servorum
1875 1525 1987 1584 Dei
2012 1521 2361 1584 constituit:

627 1607 796 1670 Unus
839 1626 918 1670 ex
945 1606 1202 1672 subulcis
1243 1611 1433 1672 Eoves
1463 1610 1703 1672 nomine
1740 1609 1819 1672 ad
1853 1625 1879 1656 a
1921 1609 2201 1673 interiora
2226 1605 2397 1689 sylvae
2426 1627 2563 1690 pro-

530 1691 758 1778 gress‘us
776 1713 1012 1777 porcam
1036 1696 1315 1780 perdidiv,
1334 1715 1470 1778 quae
1494 1699 1757 1778 paritura
1773 1698 1837 1761 in
1854 1695 2258 1761 condensitate
2274 1693 2565 1778 sylvarum

539 1779 598 1845 se
626 1779 862 1843 abdidit
890 1779 1194 1866 septenum
1223 1783 1368 1845 inibi
1397 1786 1573 1844 enixa
1603 1783 1840 1846 f‘oetum.

620 1869 810 1930 Porca
839 1876 925 1935 2⁰.
955 1871 1018 1932 in
1045 1870 1250 1934 cadem
1283 1869 1438 1951 sylva
1472 1872 1695 1952 peperit
1728 1891 1789 1947 7.
1836 1869 2042 1934 foetus·

624 1957 818 2018 Por-ca
845 1957 1054 2020 eadem
1085 1978 1146 2041 3.
1197 1959 1422 2040 peperit
1451 1961 1515 2018 in
1542 1957 1745 2019 eadem
1777 1955 1931 2038 sylva
1964 1979 2024 2040 9.
2058 1955 2265 2020 foetus·

625 2041 818 2106 Eoves
847 2055 942 2126 39.
977 2065 1214 2128 porcam
1243 2064 1513 2129 quaerens
1546 2045 1777 2108 tandem
1830 2048 2043 2127 reperit
2074 2046 2239 2107 aliud
2281 2042 2566 2128 quiddam

539 2129 720 2213 longe
749 2129 1065 2195 diversum.

629 2217 877 2280 Astabat
927 2239 1002 2280 eo
1029 2219 1145 2282 loci
1177 2216 1426 2282 sanffiss‘:
1458 2219 1628 2300 virgo
1654 2239 1792 2282 cum
1823 2237 1885 2282 2.
1934 2219 2286 2302 vitginibus,
2328 2237 2567 2282 omnem

539 2299 678 2366 solis
693 2301 984 2387 fulgorem
1011 2303 1116 2367 suo
1138 2303 1369 2387 fulgore
1393 2305 1727 2380 devincens,
1754 2307 1971 2370 librum
1998 2303 2316 2390 speciosum
2343 2323 2567 2382 teneus,
2590 2381 2595 2386 ,

537 2393 602 2453 &
633 2410 772 2454 cum
801 2391 1120 2456 comitibus
1149 2387 1415 2475 psallens.

626 2480 888 2562 Expavit
918 2482 1132 2553 EoveS,
1181 2482 1295 2542 ἃς.

625 2568 808 2629 Fama
835 2566 1011 2646 hujus
1033 2566 1269 2629 visionis
1299 2566 1477 2629 relata
1507 2566 1581 2630 ad
1612 2568 1957 2650 nginum.

631 2656 909 2735 Virgines
955 2655 1176 2719 eaedem
1207 2656 1461 2739 ngino
1512 2652 1709 2737 postea
1740 2656 1799 2717 in
1831 2655 2037 2717 eodem
2070 2650 2205 2715 loco
2232 2655 2425 2717 oranti
2466 2673 2571 2737 ap-

539 2762 808 2826 paruere.
1265 2792 1272 2798 .

631 2831 917 2909 nginus
952 2842 1150 2891 nutem
1180 2842 1419 2891 voverat
1447 2827 1523 2891 ab
1554 2829 1695 2889 olim
1726 2830 1877 2891 inter
1901 2830 2083 2891 varias
2115 2830 2573 2911 temptationum

544 2914 864 2997 angustias,
909 2914 950 2978 fi
985 2917 1281 2979 Dominus
1332 2914 1673 2997 prosperum
1720 2916 1935 2979 faceret
1976 2915 2329 2979 desiderium
2376 2914 2569 2989 suum,

549 3002 978 3067 aedificaturum
1001 3002 1056 3065 se
1085 3019 1199 3065 tem
1207 3004 1372 3087 plum
1391 3004 1674 3065 Domino.
1746 3004 1919 3067 Unde
1944 3004 2123 3065 modo
2142 3003 2351 3066 nactus
2374 3003 2573 3067 locum

553 3089 924 3173 praeelectum
956 3096 986 3155 Ξι
1025 3092 1176 3163 Deo,
1227 3092 1362 3152 Deo
1389 3091 1448 3150 Sc
1477 3091 1601 3168 ejus
1631 3093 1910 3173 genetrici
1944 3088 2285 3153 sacrificavit
2326 3091 2439 3153 hoc
2466 3110 2573 3153 vo·

549 3194 702 3251 tum,
748 3177 946 3241 locum
977 3178 1244 3259 protinus
1274 3176 1605 3253 mundavit,
1650 3197 1805 3261 opus
1833 3176 2151 3253 inchoavit,
2196 3178 2255 3240 &
2287 3179 2365 3240 ad
2394 3178 2577 3243 finem

550 3264 853 3350 perduxit.

569 3426 675 3485 Ex
701 3422 913 3487 charta
921 3418 1061 3505 five
1079 3419 1253 3485 lebello
1279 3424 1476 3486 Donat
1486 3448 1511 3485 .·-
1554 3424 1791 3509 ngini
1818 3425 2029 3504 inst-rto
2050 3424 2205 3507 operi
2224 3420 2346 3505 ejus
2368 3424 2531 3487 vitae.

631 3552 788 3613 Cum
835 3551 1091 3612 maxime
1137 3548 1407 3612 florerem
1452 3550 1517 3613 in
1566 3546 1775 3613 dicbus
1822 3550 2127 3617 Ethclredi
2176 3554 2333 3635 regis
2383 3546 2639 3618 Merct'⁴

543 3640 698 3720 coepi
727 3657 866 3701 eum
895 3636 1148 3721 benigne
1175 3638 1422 3719 precari,
1471 3652 1540 3698 ut
1570 3640 1714 3701 mihi
1756 3638 2073 3701 concedere
2102 3640 2445 3722 dignaretur
2471 3658 2573 3702 an·

545 3730 784 3809 tiquum
799 3725 1162 3799 coenobium,
1192 3723 1359 3807 quod
1379 3726 1426 3786 F
1427 3722 1831 3788 laudenburc-h
1856 3742 2250 3809 nuncupatur,
2271 3726 2439 3808 quod
2462 3724 2577 3791 fibi

543 3814 740 3877 evenit
761 3832 840 3873 ex
863 3812 1185 3875 hereditate
1207 3810 1325 3873 suae
1354 3814 1581 3887 uxoris,
1627 3832 1763 3895 quae
1787 3811 1899 3875 fuit
1923 3811 2242 3875 Osthrithis
2270 3828 2497 3875 vocata.

639 3900 790 3962 Satis
821 3898 920 3962 ille
949 3898 1154 3961 libenti
1181 3900 1378 3961 animo
1399 3900 1565 3980 quod
1594 3896 1901 3981 poscebam
1930 3898 2225 3963 conceffit.

631 3990 766 4049 Hoc
793 3988 1129 4067 coeuobium
1171 3984 1364 4067 postea
1396 3984 1529 4049 dedi
1556 3988 1902 4050 AEthelardo
1931 3984 2266 4071 subregulo,
2312 3986 2421 4071 qui
2450 4002 2577 4051 erat

549 4096 656 4139 rex
705 4074 864 4136 illius
906 4074 1232 4156 provintiae,
1279 4092 1414 4157 quae
1444 4076 1651 4137 Wicce
1699 4072 1938 4151 dicitur,
1984 4095 2096 4159 pro
2130 4074 2250 4137 alio
2294 4077 2579 4139 coenobio

555 4158 725 4245 quod
749 4158 1116 4223 streatforda
1151 4164 1504 4224 nominatur.

629 4243 770 4317 1⁸0st
789 4268 1038 4332 parvum
1057 4248 1316 4335 denique
1335 4262 1452 4313 tem
1462 4266 1570 4329 pus
1594 4245 1627 4307 zi
1644 4248 1895 4331 predid'li
1910 4250 2067 4337 regis
2092 4247 2275 4317 fratre
2288 4246 2581 4315 oswardo

1383 4378 1410 4411 a
1445 4360 1620 4415 bueria
1644 4362 1713 4414 M
1718 4358 1763 4412 S'.
2481 4428 2496 4443 .

2338 4446 2582 4497 nomme
