2975 4800
372 224 1073 319 ANTIQUARII
1158 220 2013 293 COLLECTANEA.
2422 220 2558 312 '5¹99

1895 368 1930 399 u

198 414 359 496 law,
374 419 463 481 Im
544 434 673 497 tun,
692 413 1152 503 Pampesworth,
1170 418 1461 495 Merham,
1482 416 1832 493 Cotenham,
1851 414 2230 493 Snailewelle,

202 508 413 655 331ss
469 505 639 584 dene,
695 508 1055 591 Tyrington,
1083 536 1089 544 ·
1121 504 1604 585 Beremotesdun,
1652 505 1985 589 Taderege,
2047 505 2230 569 Chin-

344 611 451 657 un.
896 606 907 617 ·
1406 654 1409 659 .
1567 649 1578 661 .
1963 604 1974 617 ‘

760 770 767 781 ι
790 696 948 761 Laus
976 696 1253 781 Stephani
1276 700 1433 784 regii·
1464 695 1646 785 Angl-

290 802 439 866 Pius
476 802 703 887 quippe
751 823 823 867 ac
859 800 1198 869 mansuetus
1226 825 1364 867 cum
1412 804 1552 867 effet
1589 822 1714 879 rex,
1761 802 1939 880 dives,
1983 823 2233 887 corpore
2288 838 2299 853 ·

202 889 464 965 validus,
508 890 569 953 8τ
597 907 737 976 tunc
766 893 1049 973 temporis
1076 890 1283 957 fortiss:
1314 894 1582 956 virorum
1607 888 1780 975 super
1800 911 2006 955 omnes
2033 898 2227 957 orien-

202 974 359 1039 tales
394 976 681 1059 probatur
704 979 973 1042 extitisse.
2173 1051 2176 1055 ,

294 1063 679 1127 Baldewinus
728 1064 805 1127 de
848 1066 1077 1128 Riveris
1126 1066 1185 1127 &
1236 1064 1508 1148 Nigellus
1559 1061 1866 1147 episcopus
1913 1066 2229 1130 exordium
2245 1082 2356 1149 1³22.
2378 1087 2498 1149 ⁸⁶4⁴

386 1166 494 1213 unt
520 1150 701 1224 civilis
727 1150 863 1214 belli
894 1168 1097 1215 contra
1126 1154 1492 1233 Stephanum
1521 1172 1739 1235 regem.
2205 1155 2211 1163 '

296 1233 703 1321 Malignorism
718 1236 1019 1315 instinfiu,
1034 1238 1357 1301 monachus
1367 1241 1584 1303 obnixe
1597 1238 1740 1302 diffu
1749 1237 2230 1315 adentibu3,c0n-

205 1336 303 1387 tra
340 1344 537 1407 regem
570 1326 952 1388 munitionem
995 1329 1056 1387 in
1101 1327 1215 1406 Ely
1254 1344 1325 1385 ex
1354 1325 1547 1407 lapide
1576 1328 1632 1387 &
1662 1342 1929 1389 cemento
1954 1324 2232 1390 statuerat

206 1408 483 1494 Nigellus
510 1410 735 1475 firmiss:
764 1412 929 1495 quod
959 1414 1173 1475 virtute
1214 1414 1275 1474 S.
1306 1400 1676 1475 Etheldredae
1711 1413 1922 1474 crebro
1961 1412 2230 1477 dissolve-

208 1496 413 1561 batur.
498 1499 676 1561 Unde
724 1499 798 1561 ad
848 1518 1059 1581 aquam
1109 1516 1291 1580 prope
1337 1500 1634 1561 machinas
1684 1496 2006 1561 construxit
2036 1502 2232 1563 muni·

204 1586 441 1647 tionem
486 1584 589 1665 (de
638 1586 811 1669 lignis
848 1584 1095 1665 saetam)
1141 1604 1351 1667 aggere
1386 1586 1592 1660 cinxit,
1641 1587 1701 1648 &
1743 1584 2037 1650 Alherede
2078 1602 2106 1633 ⁰
2143 1589 2235 1651 ni-

206 1669 582 1735 hillominnm
612 1687 941 1754 reparatum
968 1672 1242 1734 custodiat
1270 1673 1642 1755 mancipavit.

302 1754 733 1842 eognosceutes
786 1758 897 1821 hoc
945 1773 1212 1840 potentes
1260 1759 1508 1840 quidam
1560 1759 1790 1842 patriae,
1835 1758 2042 1822 habito
2089 1778 2233 1825 cum

204 1840 485 1927 episcopo
508 1842 789 1919 sermone,
838 1844 1077 1927 pactum
1111 1844 1135 1892 ὅ
1169 1844 1461 1908 stabilium
1490 1866 1598 1930 per
1625 1844 1800 1909 suurn
1827 1845 2112 1911 auxilium
2141 1848 2232 1911 lo.-

206 1948 357 1994 cum
382 1945 589 1993 contra
620 1952 816 2014 regem
848 1932 1163 1995 firmiffime
1209 1948 1419 1995 tenere.
1509 1932 1839 2014 Stephanus
1877 1932 2034 1994 misit
2059 1954 2231 1997 exer·

208 2018 401 2081 citum
424 2018 499 2081 ad
522 2019 976 2102 expugnandam
1005 2016 1247 2081 insulam
1264 2018 1337 2081 de
1360 2016 1494 2101 Ely.
1584 2016 1824 2080 Frustra
1849 2033 2049 2081 autem
2069 2020 2236 2085 labo-

206 2119 377 2169 rante
405 2106 689 2180 exercitu,
738 2102 856 2188 ipse
906 2126 1012 2168 rex
1038 2102 1370 2187 supervenit
1412 2126 1548 2169 cum
1592 2104 1874 2167 naviculis
1928 2104 2004 2168 ad
2049 2106 2236 2171 Allie-

212 2190 375 2265 rede,
420 2192 733 2255 &innexis
761 2190 1003 2275 desuper
1032 2192 1357 2255 crateribus
1378 2192 1596 2254 vadum
1623 2191 1926 2277 equitibus
1957 2190 2232 2258 transme-

210 2277 434 2343 abilem
462 2278 601 2341 fecit
628 2280 741 2343 ὅτε.
786 2296 855 2341 ut
884 2280 1125 2341 rebelles
1160 2275 1520 2361 aufugerint.

294 2363 563 2448 Nigellus
588 2364 739 2430 clam
783 2364 964 2429 noctu
1010 2362 1167 2452 fugit
1208 2384 1345 2428 cum
1376 2370 1446 2449 3.‘
1470 2362 1638 2431 sociis
1665 2365 1741 2431 ad
1767 2365 2082 2433 Matildem
2123 2368 2236 2436 im·

204 2467 437 2540 pet-atr:
466 2473 607 2536 quae
632 2469 757 2516 erat
786 2451 1145 2516 Glocestriae.

298 2539 636 2622 Stephanus
663 2537 790 2623 post
818 2541 1119 2603 vistoriam
1148 2555 1353 2624 gratus
1380 2538 1678 2604 monachis
1709 2539 1901 2605 Elient

298 2626 631 2711 Stephanus
652 2647 759 2692 rex
781 2628 996 2690 milites
1034 2627 1249 2710 Nigelli
1296 2629 1498 2710 coegit
1525 2625 1821 2689 ea'stellum
1849 2629 1921 2690 de
1941 2627 2239 2693 Alherede

210 2713 560 2796 relinquere,
606 2733 673 2777 ac
702 2711 817 2776 suis
846 2713 1297 2778 custodiendum
1328 2713 1592 2790 tradidit,
1636 2716 1694 2776 8ε
1733 2733 1827 2776 res
1863 2717 2043 2777 totius
2088 2713 2240 2801 epis-

204 2821 399 2884 eopus
426 2802 487 2864 in
516 2807 723 2864 manus
750 2797 875 2864 suas
904 2801 1145 2883 accepit.
1727 2865 1738 2874 ,

300 2887 639 2952 Alexander
684 2889 1007 2950 monachus
1038 2889 1228 2950 Elien:
1257 2887 1316 2947 &
1344 2884 1542 2968 postea
1568 2885 1758 2961 Prior,
1802 2889 1892 2952 v'u·
1924 2885 2232 2971 eloquens,

220 2973 257 3035 ὶ
292 2963 535 3058 Nigello
580 2993 719 3038 cum
749 2971 1105 3058 supplicibus
1155 2973 1363 3036 litteris
1406 2977 1663 3036 Romam
1703 2973 1918 3050 miffus,
1963 2974 2160 3038 literas
2195 2973 2232 3037 a

208 3064 532 3211 Ροῗξοίξὲ.
559 3057 1664 3232 ἓξζὲἓιὲξῗὲἰῖιῖτὲιέὃῗειζ11ῗέτίῗέῗῇ
1687 3166 1884 3209 comes
1911 3143 2240 3214 Galfredun

220 3233 299 3298 de
352 3237 574 3318 Magna
600 3234 772 3310 Villa,
815 3255 953 3300 cum
1004 3235 1221 3299 comite
1264 3233 1563 3310 Gilberto,
1624 3234 1683 3296 8c
1725 3235 1932 3298 milites
1978 3235 2238 3322 episcopi

217 3335 428 3405 captos
454 3322 785 3384 vinxaunt.
1757 3395 1764 3402 ⁶

317 3407 591 3492 Nigellus
640 3408 675 3470 a
712 3407 1011 3492 Stephano
1053 3405 1173 3470 sedi
1222 3403 1520 3471 restitutus
1565 3408 1786 3490 recepit
1834 3405 1869 3468 a
1923 3409 2243 3474 comitibus

217 3493 516 3579 pandistis
564 3491 866 3559 castellum
909 3496 985 3558 de
1010 3493 1327 3572 Alrehede,
1373 3494 1564 3560 fultus
1605 3497 1840 3560 auxiliis
1872 3499 1990 3560 Dae·
2045 3502 2242 3582 Impe-

212 3581 469 3647 nti-icis.

306 3667 601 3754 Nigellns,
644 3667 885 3733 consilio
911 3664 1184 3733 Gocelini
1225 3664 1299 3729 de
1328 3669 1459 3750 Ely‚
1506 3665 1810 3750 Radulphi
1855 3667 2126 3752 dapiferi,
2171 3689 2242 3732 ac

216 3755 549 3822 Alexandri
598 3755 907 3841 pincernae,
966 3753 1259 3819 servorum
1304 3750 1569 3829 suorum,
1631 3756 1789 3818 bona
1840 3755 2036 3817 Elien:
2093 3755 2240 3820 eccl:

212 3843 335 3907 diri
380 3844 486 3908 uit.

303 3863 599 4014 biigellus,
644 3928 787 3993 dum
820 3927 1015 4014 pergit
1045 3927 1463 4012 imperatricem
1485 3927 1700 4003 videre,
1734 3922 2008 4008 spoliatus
2035 3924 2120 3990 est
2147 3947 2239 3994 re·
2258 3943 2376 4012 Pag.
2395 3943 2512 4002 865.

220 4015 341 4083 hus
369 4017 646 4082 omnibus
674 4015 709 4078 a
735 4017 1029 4080 militibus
1060 4015 1345 4099 Stephani
1372 4015 1527 4097 regis
1557 4013 1716 4096 apud
1740 4016 2046 4078 warham.

300 4103 596 4194 NigelluS,
640 4123 779 4169 cum
804 4103 1153 4168 conveniiiet
1179 4105 1481 4185 imperati-z
1521 4101 1697 4164 rediit
1723 4099 1800 4164 ad
1827 4098 2022 4170 sedem
2050 4097 2238 4184 suam,

656 4289 693 4331 ο
706 4229 861 4344 aege,
891 4272 1229 4332 nihilominus.
1322 4271 1351 4328 1·
1384 4273 1522 4343 lege,
1555 4269 1809 4326 stabiliunt.
2117 4255 2250 4430 qni.
