2975 4800
327 204 458 277 448
976 198 2311 281 JOANNISLELANDI

1035 352 1090 409 E
1089 370 1136 439 x·
1159 350 1400 407 Statuto
1423 343 1495 405 de
1516 342 1774 427 Tallagio
1811 362 1920 403 non
1954 338 2308 403 concedendo.

743 474 1102 538 Remifimus
1141 476 1321 537 etiam
1369 471 1705 537 Humfredo
1748 474 1804 535 le
1852 476 2025 535 Boun
2072 471 2277 533 comiti
2326 470 2732 535 Herefordiae'-

659 564 720 625 Sc
750 563 942 636 Effex,
989 562 1420 625 constabulario
1447 560 1633 642 Angl:
1664 562 1723 622 81
1775 562 2014 643 Rogero
2058 560 2237 643 Bigot
2276 560 2483 623 comiti
2534 564 2707 623 Nor·

661 649 860 714 folciae
889 653 948 712 Sc
980 650 1350 723 Sutbfolciae,
1398 646 1738 710 marescallo
1764 648 2022 730 Angliae.

757 820 1060 879 Statutum
1111 815 1187 877 de
1246 814 1410 877 terris
1441 812 1935 897 Templariorum
1971 807 2377 896 Hospitalariis
2416 812 2705 875 conceffis

670 926 828 967 anno
865 924 961 981 17.
996 901 1266 965 Eduardi
1297 900 1375 967 2¹.

965 1036 1066 1092 Ex
1108 1034 1350 1091 Statuto
1377 1028 1545 1091 exilii
1564 1030 1869 1113 Hugonum
1902 1026 2412 1107 Dispensat-iorum.

751 1206 864 1285 Syr
880 1202 1038 1281 John
1055 1200 1342 1283 Gyffarde
1361 1202 1435 1263 de
1451 1137 1918 1271 l133¹r¹irrrr¹unesfeldq
1950 1202 2063 1277 Syr
2087 1196 2348 1261 Richard
2366 1196 2441 1261 de
2457 1201 2649 1279 Grey.

749 1294 862 1373 Syr
891 1288 1039 1354 Rafe
1065 1289 1142 1352 de
1169 1284 1361 1365 Baset,
1409 1292 1519 1370 Syr
1550 1284 1699 1349 Rafe
1734 1290 2011 1367 CamoyS.

747 1447 1054 1514 Mounseir
1103 1450 1330 1513 Robert
1381 1448 1456 1511 de
1509 1398 1849 1511 Monthasslt.

747 1538 1012 1602 Monfire
1038 1540 1226 1618 Jehan
1266 1538 1340 1599 de
1369 1537 1666 1618 Monbray
1698 1556 1849 1619 pour
1879 1532 1962 1595 les
1993 1546 2173 1596 terres
2202 1532 2276 1595 de
2304 1532 2559 1594 Gower.

749 1628 910 1705 John
934 1624 1010 1689 de
1039 1624 1432 1707 Lecchelegh.

723 1760 776 1819 E
795 1756 940 1819 dieto
953 1754 1022 1818 de
1042 1752 1406 1817 Kenilworth
1427 1756 1675 1835 tempore
1698 1754 1890 1814 Henr:
1912 1753 1991 1834 31'.
2024 1772 2175 1813 anno
2196 1772 2329 1835 reg:
2350 1750 2473 1832 ejus
2501 1768 2535 1832 ς
2552 1750 2636 1813 1⁰.

332 1889 402 1937 R.
423 1883 644 1948 Walope·
707 1882 724 1893 ”
753 1878 1052 1941 Robertus
1067 1876 1306 1957 Walop.
1353 1872 1576 1935 Alanus
1590 1872 1665 1933 de
1688 1872 1743 1933 la
1760 1868 1973 1934 Zusch.
2018 1870 2290 1953 Rogerus
2308 1870 2382 1933 de
2400 1873 2705 1953 Somerey.

333 1948 591 2065 3⁸⁸8}ssss
668 1967 951 2029 Wariuus
981 1964 1058 2027 de
1087 1962 1569 2047 Baffingbourne.

389 2050 402 2063 .
567 2029 640 2079 ey.

331 2078 648 2195 mgaffing-
1029 2158 1037 2171 ,
1559 2090 1788 2157 Ibidem.

751 2224 900 2283 Item
929 2220 1035 2303 qui
1063 2216 1229 2281 fuere
1255 2213 1414 2298 apud
1447 2210 1769 2277 Cestrefeld
1786 2224 1991 2277 eontra
2018 2231 2216 2296 regem
2250 2212 2311 2273 in
2340 2210 2521 2275 beno.

1561 2360 1789 2424 Ibidem.

335 2487 531 2546 Forsan,
755 2483 1026 2544 Dicimus
1065 2484 1125 2543 &
1175 2483 1557 2564 providemus
1604 2483 1679 2545 de
1724 2481 1921 2544 castris
1972 2483 2285 2565 Herdeley,
2334 2483 2587 2566 Byham,
2636 2487 2698 2549 &

333 2549 599 2618 Chart‘l‘l’·
661 2567 962 2652 Chertsey,
989 2572 1173 2654 ‘quod
1202 2591 1314 2654 pro
1343 2571 1454 2634 illis
1481 2573 1657 2634 detur
1684 2571 2025 2634 rationabile
2054 2569 2429 2638 escambium.

333 2723 446 2790 rag.
471 2730 583 2784 650.
1225 2713 1325 2771 Ex
1361 2709 1631 2792 Catalogo
1676 2730 1877 2792 regum
1919 2709 2089 2788 Angl.

751 2827 896 2892 Gul:
928 2825 1125 2892 Rufus
1165 2825 1304 2892 fecit
1334 2848 1607 2912 magnam
1650 2829 1847 2892 aulam
1876 2826 2398 2908 westmonasterii,
2442 2831 2501 2896 ἃ
2530 2851 2695 2894 com·

667 2917 847 3001 plevit
878 2919 1088 2979 turrim
1117 2909 1404 2980 london.
1532 2979 1539 2994 ,

748 3009 1057 3087 Tempore
1084 3007 1324 3083 joannis
1369 3005 1525 3082 regis
1549 3001 1753 3066 civitas
1792 3002 2071 3068 London.
2110 3025 2249 3066 cum
2280 3023 2458 3067 mana
2524 3003 2684 3066 mul-

671 3091 928 3154 titudine
957 3093 1264 3152 hominum
1304 3089 1631 3154 combusta.

751 3179 1082 3242 Edwardus
1119 3195 1178 3256 3.
1211 3177 1527 3240 debellavit
1560 3181 1794 3239 Scottos
1823 3177 1983 3257 apud
2010 3175 2263 3240 Halidon
2294 3177 2459 3255 hille,
2502 3179 2565 3240 8:
2590 3197 2693 3240 oc-

661 3265 810 3327 cidit
861 3265 922 3325 in
970 3261 1075 3325 illo
1135 3264 1288 3326 bello
1335 3284 1367 3346 3
1381 3285 1438 3349 ς.
1485 3265 1692 3340 millia,
1750 3265 1811 3325 δι
1860 3262 2059 3347 postea
2106 3268 2263 3348 cepit
2316 3263 2565 3328 castrum
2614 3266 2693 3328 de

659 3353 954 3416 Berwike.
2014 3359 2021 3366 ’

749 3435 1083 3500 Richardus
1128 3457 1188 3500 2.
1233 3437 1390 3500 filius
1439 3437 1716 3500 Edwardi
1753 3438 2035 3522 principis
2072 3439 2300 3504 walliae
2352 3455 2524 3502 natus
2570 3437 2691 3504 fine

664 3525 837 3610 pelle,
885 3527 942 3587 8ε
973 3527 1226 3588 nutritus
1256 3527 1315 3588 in
1349 3525 1598 3607 pellibus
1626 3527 1962 3607 capror'um.

754 3617 1060 3695 Tempore
1096 3615 1332 3675 Henrici
1367 3633 1422 3694 ς.
1461 3613 1657 3693 plures
1710 3613 1975 3674 Lollardi
2018 3609 2457 3676 insurrexerunt
2484 3629 2693 3676 contra

663 3697 856 3786 ipsum
885 3702 944 3762 in
975 3721 1188 3782 campo
1215 3701 1291 3762 de
1319 3699 1680 3770 Fiketisfeld‚
1708 3701 1815 3781 qui
1843 3702 1997 3780 capti
2022 3699 2262 3762 fuerunt
2292 3705 2347 3763 ἃ
2374 3697 2647 3784 suspenfi.

747 3788 1036 3851 Vicefimo
1062 3789 1273 3870 quinto
1304 3808 1462 3850 anno
1489 3789 1723 3851 Henrici
1754 3786 1898 3850 sexti
1927 3783 2044 3848 fuit
2069 3789 2499 3870 parlamentum
2526 3787 2691 3873 apud

664 3877 829 3956 Bury
862 3879 920 3936 S.
953 3876 1280 3937 Edmundi.

747 3966 928 4024 Hem-2
965 3973 1043 4038 7⁸.
1083 3963 1175 4042 3⁰.
1205 3980 1362 4025 anno
1397 3979 1519 4042 reg:
1552 3958 1635 4024 sui
1664 3961 1867 4025 habuit
1897 3961 2206 4024 vistoriam
2236 3965 2293 4024 in
2324 3962 2487 4038 bello
2514 3964 2694 4044 juxta

657 4051 914 4116 Newark
943 4049 1217 4112 adversus
1245 4049 1519 4111 comitem
1547 4051 1820 4124 Lincoln,
1866 4049 1926 4110 &
1950 4052 2204 4112 Martine
2230 4053 2473 4112 Swarte.

745 4137 826 4198 Et
869 4153 963 4197 12.
996 4157 1152 4197 anno
1185 4157 1306 4219 reg:
1342 4134 1423 4197 sui
1457 4136 1663 4198 habuit
1688 4137 1993 4202 vistoriam
2018 4139 2077 4200 in
2110 4137 2267 4201 bello
2296 4138 2370 4200 de
2392 4137 2691 4202 Blakheth

659 4237 862 4288 contra
893 4222 1156 4284 homines
1191 4223 1264 4288 de
1293 4223 1618 4287 Cornubia.
2474 4235 2485 4242 ’

1009 4367 1045 4429 7
2526 4353 2695 4414 Owte
