2975 4800
416 204 551 287 584

428 2526 542 2594 hg.
564 2529 679 2584 840.

1064 201 1666 283 JOANNIS
1765 194 2398 263 LELANDI

860 372 867 379 ·
1105 354 1115 364 ·
1222 332 1408 413 Testes
1438 333 1666 395 Donat.-
1689 326 1920 392 Cbartae
1947 330 2190 392 Hmrici
2223 330 2304 394 li.-
2418 347 2434 360 ·

828 442 909 504 R.
938 435 1339 502 cancellarius.
1889 432 1968 493 N.
2002 432 2078 495 de
2107 430 2384 495 Albenei.

830 526 984 590 Gul:
1013 525 1091 588 de
1118 520 1521 591 Tanloerville.
1894 520 2191 583 Robertus
2213 520 2292 582 de
2317 517 2542 583 oudo.

832 618 914 677 R.
947 612 1157 676 Bass'et.
1894 608 1979 669 G.
2007 607 2085 669 de
2111 607 2390 671 Glinton.

832 697 993 764 Milo
1018 698 1094 761 de
1118 692 1441 761 Glocestre.
1895 690 2048 756 Urso
2075 694 2154 757 de
2171 696 2416 757 Abetot.

836 792 1111 874 Rogerus
1136 787 1339 871 Bigot.
1895 783 2046 844 Gu1=
2063 782 2409 845 camerarius
2429 781 2506 845 de
2523 782 2790 845 Homer.

1398 894 1500 953 Ex
1527 886 1750 951 Charta
1778 889 2026 951 Henrici
2073 890 2148 953 11'.

835 1000 1108 1065 Roberto
1147 992 1425 1083 episcopo
1473 992 1749 1059 Lincoln:
1781 994 1838 1057 &
1867 992 2150 1057 Guberto'
2167 994 2347 1059 vicet:
2397 995 2476 1059 de
2514 996 2792 1059 Humen-

751 1088 1087 1157 dunexhire.

748 1186 752 1191 ·
1168 1204 1171 1209 ·
1357 1172 1457 1233 Ex
1483 1168 1705 1232 Charta
1731 1168 1976 1231 Henrici
2002 1169 2178 1266 (egis.

838 1279 992 1343 Gal.-
1016 1284 1349 1352 Peccatum,
1394 1276 1453 1336 &
1493 1260 1804 1337 Elfwenna
1843 1270 2000 1335 uxor
2024 1276 2148 1354 ejus
2171 1293 2294 1337 non
2321 1274 2672 1341 debuerunt
2709 1291 2792 1341 te·

754 1362 893 1433 n'ere
922 1385 1137 1431 terram
1168 1364 1245 1429 de
1276 1366 1441 1445 Oura
1468 1360 1544 1423 de
1571 1359 1752 1423 feodo
1778 1360 2008 1423 abbatis
2037 1362 2113 1425 de
2141 1360 2468 1438 Rameseie,
2515 1362 2630 1425 nifi
2661 1380 2790 1428 tan·

756 1455 1074 1521 tummodo
1100 1454 1163 1517 in
1191 1452 1314 1515 vita
1340 1448 1442 1514 sua
1472 1470 1584 1531 pro
1605 1446 1668 1511 6.
1693 1444 1757 1510 li.
1787 1466 1891 1531 pets
1915 1465 2186 1521 annum„
2251 1453 2456 1535 Qare
2483 1453 2606 1516 ἃς.

1403 1557 1590 1638 ΤςΙὶεε
1621 1558 1851 1619 Donat.-
1880 1560 2144 1622 Hem-ici.

836 1657 1036 1727 David
1066 1679 1173 1723 rex
1198 1657 1436 1721 Scotiae.
1480 1652 1791 1719 Galfridns
1811 1656 2122 1720 cancellar:
2171 1658 2368 1725 Adam
2391 1660 2466 1723 de
2494 1664 2666 1725 Port.
2685 1650 2692 1655 ⁹
2711 1663 2794 1727 H.

750 1750 955 1835 Bigot.
1015 1747 1166 1810 Gul:
1198 1746 1275 1808 de
1304 1744 1578 1809 Aubenei
1609 1743 1902 1827 pincerna.
1964 1746 2049 1807 G.
2081 1744 2158 1809 de
2187 1748 2462 1815 Glinton.
2526 1750 2682 1813 Guh
2715 1750 2791 1815 de

750 1860 1283 1981 Albeneissugton.
1348 1906 1500 1973 Gul:
1535 1906 1612 1973 de
1652 1922 1833 1991 ponte
1859 1908 2115 1978 Archar:
2187 1912 2338 1975 Gula
2384 1918 2656 1999 Paganus
2686 1918 2794 1979 Pe-

750 2002 931 2067 verel.
996 2000 1147 2065 Gul:
1178 1993 1385 2081 Espec.
1452 1994 1756 2059 Robertus
1784 1995 1862 2058 de
1883 2000 2060 2061 Brus.
2128 2000 2418 2064 Henricus
2446 2001 2614 2067 filius
2637 2004 2788 2068 Gulg

752 2091 1148 2177 Berengarius
1182 2084 1343 2149 filius
1376 2082 1658 2147 Reinerii.
1751 2086 1974 2147 Datum
2004 2086 2168 2169 apud
2197 2088 2509 2153 Bramton.

1405 2191 1591 2273 Testes
1619 2195 1848 2256 Donat.-
1875 2196 2140 2258 Henrici.

844 2302 924 2363 R.
955 2302 1173 2363 Comes
1190 2293 1487 2359 Glocestr:
1548 2298 1624 2361 A.
1657 2294 1732 2358 de
1752 2298 1892 2360 Ver.
1953 2299 2033 2361 R.
2064 2297 2140 2361 de
2161 2300 2301 2363 Ver.
2362 2304 2440 2365 R.
2465 2301 2544 2366 de
2571 2306 2792 2390 Curcy,

760 2390 847 2453 G.
874 2386 1034 2452 filius
1060 2386 1302 2469 Pagans.
1390 2386 1472 2448 G.
1505 2382 1581 2445 de
1609 2384 1814 2447 Furm.
1901 2386 2130 2450 Datum
2168 2386 2330 2472 apud
2357 2389 2664 2458 Falesiam.

1304 2493 1405 2554 Ex
1434 2485 1666 2554 Charta
1695 2494 1890 2556 chr:
1941 2495 2016 2554 11‘.
2049 2498 2228 2580 regis.

846 2598 1200 2662 Gilebnrtus
1228 2593 1386 2658 filius
1411 2593 1710 2657 cuidonis
1727 2597 2004 2680 'quietam
2034 2595 2312 2665 clamavit
2337 2599 2541 2667 abbati
2567 2603 2644 2670 de
2673 2609 2796 2671 Ra.

764 2683 994 2762 meseie,
1045 2679 1363 2767 Ringstede
1404 2683 1465 2746 ἃ
1495 2681 1698 2747 Holm.

1429 2789 1531 2850 Ex
1557 2787 1782 2850 Charta
1807 2789 2054 2852 Hearici
2088 2809 2111 2852 1
2128 2836 2145 2854 .

849 2897 1107 2970 Tenebit
1128 2893 1494 2958 wilhelmus
1526 2890 1898 2978 Dispensator
1947 2915 2116 2960 meus
2161 2911 2378 2964 terram
2408 2900 2484 2966 de
2510 2903 2794 2990 Elington

766 2983 1185 3060 tantummodo
1214 2981 1359 3048 dum
1382 2983 1620 3045 vixerit.

1428 3093 1529 3150 Ex
1547 3089 1768 3153 Charta
1791 3092 2036 3156 Henrici
2069 3111 2092 3154 1
2107 3135 2124 3153 .

852 3190 1083 3256 Habeat
1110 3136 1293 3256 abbbas
1321 3189 1398 3252 de
1426 3187 1724 3252 Rameffie
1753 3191 2254 3259 winebodefflam
2295 3218 2435 3261 cum
2477 3202 2794 3284 pertinent:

768 3282 829 3345 ἃ
852 3279 1093 3356 Bitiam,
1139 3297 1291 3362 quas
1311 3277 1459 3340 Gal:
1480 3277 1556 3339 de
1575 3278 1848 3340 Hodkona
1872 3283 2224 3348 camerarius
2253 3305 2421 3350 meus
2451 3291 2665 3370 tenuit.

1443 3389 1543 3448 Ex
1570 3385 1792 3451 Charta
1820 3389 2062 3454 Henrici
2107 3410 2162 3453 1.

818 3505 825 3512 ·
861 3485 1229 3573 Reg‘maldus
1264 3483 1445 3549 abbas
1493 3485 1574 3550 de
1613 3483 1913 3552 Rameseie
1948 3492 2219 3555 conceffit
2265 3493 2493 3558 Simoni
2524 3496 2602 3561 de
2631 3499 2794 3564 Bello

774 3596 993 3664 campo
1022 3589 1239 3650 terram
1262 3573 1341 3638 de
1360 3571 1632 3638 Holewel
1657 3575 1723 3637 in
1743 3573 2126 3642 Bedfordthir
2153 3581 2265 3644 hac
2291 3582 2520 3652 condit:
2547 3587 2664 3652 ἃς.

1417 3689 1520 3751 Ex
1549 3687 1772 3753 Charta
1798 3693 2041 3755 Henrici
2077 3713 2131 3754 1.

860 3801 945 3864 R.
975 3795 1051 3860 de
1078 3789 1389 3878 nenofago
1412 3795 1473 3857 ει
1501 3795 1580 3858 R.
1607 3795 1900 3858 Basreleue
1918 3793 2250 3876 justitiariis
2277 3795 2352 3862 de
2373 3785 2728 3870 Northfolk.

1422 3905 1526 3968 Ex
1552 3904 1774 3969 charta
1802 3906 2047 3970 Henrici
2083 3925 2106 3968 1
2123 3948 2139 3966 .

861 4003 1233 4094 Reginaldus
1260 4005 1339 4071 de
1362 4007 1718 4091 Argentoin.

1416 4123 1517 4182 Ex
1543 4119 1765 4184 Charta
1797 4122 2042 4185 Henrici
2077 4141 2098 4184 1
2115 4168 2129 4185 .
2219 4157 2248 4188 e

860 4217 1146 4297 mbreda,
1192 4237 1333 4304 quae
1358 4215 1476 4285 fuit
1505 4239 1657 4288 uxor
1707 4221 2001 4290 Eustachii
2029 4225 2103 4287 de
2131 4223 2398 4305 Scylleia,
2445 4223 2614 4292 dedit
2645 4247 2796 4288 anno

1172 4351 1185 4366 .
1493 4325 1509 4334 ’
1692 4321 1762 4356 -·
2241 4341 2256 4355 ·
2613 4331 2796 4394 1134.
