2975 4800
229 169 358 253 308

855 163 2209 245 JOANNESLELANDI

649 295 782 357 Hoc
831 311 990 354 anno
1039 311 1143 374 per
1195 305 1378 352 totam
1417 287 1677 354 aestatem
1707 309 1814 354 rex
1853 291 1912 352 &
1958 293 2165 374 regina
2213 293 2425 356 morati
2470 288 2609 356 sunt

562 383 725 464 apud
757 381 1104 461 Mcrleburg
1135 380 1190 440 &
1223 378 1499 440 Costiam.

609 523 616 532 .
649 467 878 530 Eodem
914 487 1070 540 anno
1101 466 1195 527 die
1226 465 1581 527 SanCtorum
1614 465 1925 528 Timothei
1956 467 2015 527 8c
2047 465 2463 550 Symphoriani
2488 463 2604 528 Isa-

562 555 718 617 bella
739 557 960 636 regina,
1011 569 1195 614 mater
1229 553 1382 634 regis
1409 555 1693 616 Edwardi
1721 573 1780 634 3.
1815 553 1849 614 ἐι
1870 553 2218 634 conquestu,
2242 554 2417 632 juxta
2442 557 2607 615 Lon·

563 643 808 704 doniam
841 641 1000 722 apud
1031 640 1294 722 Rilinges
1341 641 1513 715 obiit.
1606 645 1832 702 Dicunt
1884 643 2129 722 quidam
2172 641 2337 723 quod
2369 655 2609 722 accepta

569 733 920 813 purgatione
965 726 999 788 ὲ
1041 730 1271 790 medico
1300 748 1480 808 quam
1530 730 1815 809 cupierat,
1880 731 1938 790 &
1988 748 2105 790 non
2149 730 2343 790 valens
2372 725 2611 792 sufferre

569 821 746 878 unius
778 819 892 878 diei
919 817 1198 898 languore
1228 817 1397 887 obiit,
1447 817 1505 876 8<
1536 813 1757 896 sepulta
1788 812 1870 877 est
1900 817 2059 896 apud
2094 819 2325 876 Fratres
2344 817 2609 876 Minores

571 923 678 980 27.
710 906 807 966 die
836 903 1190 966 Novembris
1219 903 1278 963 iu
1329 899 1628 985 praesentia
1660 906 1834 986 regis,
1892 901 2337 986 archiepiscopo
2368 903 2619 964 Simone·

563 1011 693 1056 eam
728 989 1053 1074 sepeliente.

764 1157 854 1217 Ex
877 1157 1314 1238 paralipomoeu's
1339 1152 1480 1236 five
1517 1154 1796 1220 dcrelt'His
1825 1159 1897 1220 ab
1928 1169 2136 1219 autore
2166 1157 2409 1240 Eulogii.

472 1317 510 1361 .·‹
657 1264 922 1409 Τῐιοὶῃαε
951 1266 1227 1328 Dundale
1273 1265 1440 1328 miles
1492 1263 1662 1328 fortis
1714 1267 1787 1330 de
1836 1267 2117 1328 comitiva
2158 1263 2395 1326 Henrici
2440 1261 2611 1326 ducis

463 1355 504 1396 ·’
571 1355 794 1418 Lancai
831 1353 948 1414 riae.

657 1443 808 1504 Dux
835 1427 1180 1502 Lahcastriae
1209 1438 1511 1503 obfidebat
1539 1443 1757 1503 Mount
1784 1439 1984 1503 Rider.

660 1527 1014 1610 Radulphus
1045 1529 1117 1588 de
1149 1528 1386 1608 Salopia
1433 1527 1739 1610 episcopus
1790 1527 2095 1590 Bathoniae
2140 1526 2313 1601 obiit,
2356 1525 2457 1587 cui
2486 1520 2614 1586 suc·

573 1617 731 1680 ceffit
761 1619 1011 1694 joannes
1043 1619 1260 1676 Barnet
1293 1631 1432 1675 tunc
1461 1617 1765 1697 episcopus
1788 1615 2135 1696 Wigorniae.

665 1703 895 1764 Eodem
926 1722 1083 1762 anno
1111 1698 1420 1783 episcopus
1451 1707 1776 1764 Wintoniae
1818 1706 1966 1764 Gul:
2020 1703 2323 1782 Edington
2364 1699 2516 1760 obiit
2550 1719 2613 1777 7.

575 1789 672 1852 die
703 1789 912 1851 mensis
941 1789 1192 1852 Oetobr:
1227 1793 1330 1870 qui
1363 1787 1484 1850 fere
1532 1811 1765 1852 omnem
1820 1787 2148 1850 thesaurum
2192 1785 2364 1848 suurn
2395 1785 2451 1848 se
2486 1783 2616 1868 ipso

575 1879 808 1939 vivente
839 1873 1104 1958 disperiit
1135 1877 1562 1960 indigentibuS‚
1612 1879 1667 1939 8<
1700 1878 1857 1958 apud
1894 1877 2201 1959 Edington
2231 1872 2313 1936 est
2354 1869 2619 1956 sepultus

576 1966 636 2028 in
667 1963 801 2026 loco
831 1985 1009 2048 quem
1040 1963 1160 2047 ipse
1189 1964 1538 2028 fundaverat
1588 1965 1622 2028 ὲ
1664 1963 2067 2030 fundamentis
2111 1960 2446 2044 sumptibus
2476 1982 2617 2044 pro-

574 2051 736 2135 priiS,
785 2053 842 2113 8<
873 2053 1012 2114 viris
1041 2053 1324 2134 religiosis
1353 2053 1719 2132 impleverat.

657 2135 1044 2200 Conse-‚cratus
1070 2139 1154 2202 est
1187 2144 1387 2204 Simon
1433 2143 1765 2220 Langbam‚
1816 2140 2008 2221 primo
2062 2136 2386 2200 monachus
2413 2133 2617 2198 West·

569 2224 886 2290 monaster:
923 2225 1050 2306 post
1078 2225 1334 2308 ejusdem
1365 2227 1480 2289 loci
1510 2229 1713 2292 abbas.
1804 2229 2019 2290 Tertio
2039 2221 2345 2309 episcopus
2374 2221 2451 2286 de
2478 2225 2615 2305 Ely,

576 2325 672 2390 4⁰.
707 2314 990 2374 Cantuar.

663 2402 839 2461 Anno
861 2404 941 2464 D.
977 2420 998 2461 ι
1015 2419 1161 2481 374.
1195 2397 1406 2463 fratres
1426 2403 1846 2465 Praedicator-es
1868 2403 2180 2485 petierunt,
2202 2402 2258 2463 &
2283 2400 2623 2463 habuerunt

577 2482 1064 2568 dispensationem
1115 2485 1146 2548 εἰ
1193 2509 1338 2569 papa
1367 2490 1718 2552 comedendi
1758 2510 1979 2564 carnee,
2028 2510 2101 2551 ne
2128 2486 2505 2563 secularibu8‚
2552 2502 2623 2547 ut

581 2572 880 2645 dixerunt,
929 2575 1103 2637 essent
1133 2576 1382 2637 oneroli.

669 2666 848 2724 Anno
874 2666 953 2725 D.
987 2682 1168 2743 ¹377·
1217 2662 1424 2725 fratres
1444 2659 1899 2745 Augustinenses
1919 2662 2310 2724 obtinuerunt
2334 2656 2623 2742 dispensa·

584 2746 802 2811 tionem
833 2750 1180 2812 comedendi
1211 2771 1434 2823 carnea,
1481 2754 1539 2813 8<
1566 2751 1669 2813 sub
1698 2751 2037 2813 conditione
2058 2748 2221 2833 quod
2249 2745 2624 2811 observarent

477 2846 486 2855 '
572 2838 865 2918 jejunium
899 2836 1151 2900 fratrum
1181 2839 1486 2899 Minorum
1520 2859 1656 2901 anre
1690 2839 1885 2900 natale
1917 2840 2063 2901 Dni.

240 3200 366 3278 ἕπε.
393 3208 504 3267 383.

477 4195 494 4233 Ξ
591 4228 790 4317 burgh
823 4232 998 4303 rediit
1027 4235 1088 4303 in
1117 4236 1301 4320 Angl:

674 2925 955 2987 Sebertus
985 2946 1092 2987 rex
1109 2928 1320 2987 orient:
1343 2924 2023 3006 Anglorumconstruxit
2043 2921 2343 2987 ecclesiam
2370 2924 2431 2984 S.
2456 2920 2626 2984 Pauli

583 3012 868 3113 1:0ndon:
917 3014 976 3074 ἃ
1005 3010 1304 3075 ecclesiam
1345 3016 1407 3076 S.
1439 3016 1599 3075 Petri
1628 3014 1689 3075 in
1718 3014 2014 3076 occident:
2048 3009 2334 3074 suburbio
2361 3006 2625 3091 ejusdem

582 3115 861 3248 GVK-1⁴²2&
883 3190 964 3249 D.
1008 3190 1194 3267 1381.
1241 3152 1465 3249 seditio
1492 3183 1650 3249 fafta
1680 3188 1739 3248 in
1770 3182 2031 3248 Estsexia
2062 3200 2301 3267 propter
2329 3182 2628 3247 colleffio·

591 3292 728 3336 nem
761 3276 1039 3355 pecuniae,
1088 3274 1400 3355 instigante
1428 3276 1693 3355 quodam
1724 3274 1959 3356 pistore.
2049 3274 2226 3334 Unde
2252 3290 2385 3335 orta
2436 3274 2497 3334 8<
2542 3269 2629 3334 sc-

593 3360 744 3421 ditio
771 3362 829 3422 in
856 3358 1308 3425 Hertefordstiir.
1410 3366 1486 3425 Et
1516 3363 1651 3423 inde
1684 3360 2031 3423 transierunt
2062 3360 2278 3443 plebeii
2307 3380 2410 3442 per
2432 3360 2628 3421 Eirith

570 3450 657 3509 ‘in
683 3450 977 3521 Cannam,
1027 3450 1126 3511 ubi
1156 3448 1320 3532 plebs
1351 3450 1425 3512 ad
1463 3450 1709 3511 eandem
1738 3446 2132 3531 consurgebat
2154 3444 2632 3511 insurrectionem

591 3554 730 3597 curn
753 3538 868 3615 Jak
894 3538 1106 3599 Straw.
1201 3538 1502 3599 Robertus
1525 3536 1765 3599 Knolles
1786 3536 2107 3616 adjuvabat
2126 3533 2443 3618 burgenses
2470 3537 2631 3595 Lon-

542 3694 550 3699 ,
595 3622 718 3683 don
749 3638 959 3685 contra
987 3618 1282 3685 seditiosos
1311 3622 1676 3705 spoliatores.
1762 3628 1829 3685 In
1864 3620 2188 3686 Southfolk
2216 3618 2631 3685 insurre&0res

593 3710 848 3793 priorem
878 3710 954 3773 de
976 3712 1112 3791 Byri
1143 3712 1202 3771 8<
1228 3710 1619 3791 justitiarium
1646 3712 1800 3794 regis
1828 3711 2227 3774 decollabant.

699 3800 824 3857 Rex
852 3797 1186 3859 Richardus
1213 3802 1476 3873 Annam,
1512 3797 1767 3862 sororem
1798 3800 2192 3882 imperatoris,
2236 3796 2389 3879 regis
2417 3792 2634 3857 scilicet

595 3880 915 3958 Bohemiae,
965 3880 1166 3946 solutis
1205 3907 1312 3967 pro
1355 3908 1426 3949 ea
1471 3905 1575 3949 22.
1626 3905 1707 3951 M.
1754 3908 1939 3949 marc.
1980 3884 2099 3948 fine
2141 3879 2415 3947 consensu
2462 3883 2633 3966 regni

597 3966 984 4051 desponsavit.
1075 3972 1294 4035 Oblata
1329 3974 1434 4036 fibi
1461 3974 1589 4037 filia
1618 3974 1993 4057 fuitocomitis
2020 3972 2330 4049 Flaudriae,
2361 3992 2545 4055 quam
2586 3970 2633 4033 fi

595 4054 905 4129 habuisset,
945 4061 1081 4139 jure
1111 4058 1215 4121 suo
1253 4062 1442 4141 postea
1478 4062 1817 4126 Flandriam
1858 4060 2171 4123 habuisset.

681 4148 859 4207 Anno
889 4148 972 4207 D.
1029 4166 1218 4229 1344.
1260 4152 1394 4213 Rex
1423 4150 1761 4215 Richardus
1788 4146 2097 4215 combusta
2128 4146 2265 4212 villa
2304 4146 2379 4211 de
2402 4146 2633 4228 Eding·

1373 4340 1408 4402 7
2158 4288 2177 4307 .
2458 4322 2639 4387 Anno
