2975 4800
464 140 1166 229 ANTIQMQRH
1243 142 2085 241 COLLECTANEA.
2522 156 2658 246 387}

371 278 528 341 Gul:
548 276 852 363 episcopus
871 279 1234 362 Dunelmen:
1263 299 1416 343 anno
1441 278 1569 359 ejus
1600 279 1816 363 pontif:
1849 286 1910 345 8.
1938 274 2329 367 expulsus'est

289 362 368 429 ab
397 366 592 533 Angl']
615 370 675 429 δε
711 364 1038 457 ξοηοτὶῇεε
1079 360 1114 431 ὲ
1147 368 1416 430 Roberto
1459 370 1678 430 comite
1710 370 2039 433 Normann:
2090 378 2173 453 [a
2206 357 2328 435 sus-

289 470 522 535 ceptus,

371 540 510 603 Hoc
541 556 660 611 tem
665 561 814 624 pore
831 538 1204 605 refectorium
1225 536 1261 603 ὲ
1285 540 1879 605 monachisDunelmi
1898 542 2319 627 const-rustum.

369 630 600 691 Tertio
647 624 804 715 guno
847 629 1201 713 expulfionis
1229 629 1379 690 Gul:
1423 625 1699 711 episcopi,
1745 649 1881 691 cum
1928 630 2137 693 milites
2167 634 2315 696 Gul:

281 712 432 777 Rufi
471 717 602 795 jam
631 714 811 797 ess‘ent
841 715 1101 779 dedituri
1131 715 1434 799 quoddam
1463 714 1787 789 castellum,
1832 715 1979 777 Gul:
2012 708 2317 809 episcopus

278 802 558 865 inimicos
577 803 731 866 Gul:
763 801 906 867 Rufi
933 803 1214 891 reppulit,
1252 800 1408 865 unde
1437 803 1603 865 terris
1624 804 1682 865 8<
1704 804 1848 865 eccl:
1872 801 1987 865 suae
2014 804 2314 893 restitutus

281 886 365 951 est
391 890 549 951 Gul:
580 886 908 972 episcopum
2210 888 2217 894 ’
2257 920 2261 923 ’

365 974 538 1039 Clito
585 976 860 1061 Edgarus
899 997 1002 1065 per
1039 975 1370 1061 Robertum
1419 978 1697 1041 comitem
1746 975 2020 1061 expulsus
2060 975 2103 1065 ,a
2154 982 2310 1057 Nor·
2334 1012 2447 1079 Pag.
2470 1028 2580 1073 544·

284 1063 550 1137 mannia,
593 1064 654 1125 in
707 1065 969 1127 Scotiam
995 1063 1158 1139 abiit,
1206 1066 1266 1125 δε
1308 1065 1484 1146 paulo
1528 1062 1656 1146 post
1707 1085 1775 1126 ro
1814 1080 1942 1128 atus
1983 1067 2059 1129 ab
2098 1068 2309 1133 eodem

283 1147 554 1212 Roberto
589 1170 792 1233 pacem
821 1149 964 1215 fecit
993 1152 1144 1213 inter
1178 1152 1329 1215 Gul=
1376 1151 1630 1226 Rufum,
1666 1170 1765 1214 ver
1795 1173 1862 1215 us
1890 1156 2137 1219 Sconatn
2168 1149 2311 1238 pro·

285 1252 615 1319 pes-antem,
663 1239 722 1305 ὃς
757 1238 1166 1303 Malcoiinum.
1329 1312 1333 1320 ,

367 1324 522 1387 Gul:
549 1322 752 1387 Rufus
781 1324 1036 1387 domum
1061 1325 1289 1387 rediens
1318 1324 1639 1400 civitatem,
1682 1345 1819 1409 quae
1845 1328 2109 1397 Britann:
2143 1332 2305 1395 Cair-

281 1406 422 1486 luel,
455 1413 677 1473 Latine
695 1410 1056 1499 Lugubalia,
1103 1413 1450 1495 appellatur,
1498 1410 1854 1489 restauravit,
1886 1416 1946 1475 Sc
1976 1434 2051 1478 ex
2082 1416 2301 1478 austra·

285 1496 442 1559 libus
481 1498 720 1583 Angliae
752 1500 1017 1582 partibus
1063 1498 1210 1561 illuc
1257 1498 1619 1563 habitatores
1666 1498 1994 1578 transmisit,
2042 1504 2101 1565 8τ
2138 1506 2199 1565 iu
2242 1525 2313 1568 ea

282 1583 582 1661 castellum
611 1586 945 1669 qedtficavit.
1467 1656 1470 1661 ,
2166 1588 2173 1593 ’

263 1704 274 1715 ·
365 1675 522 1735 Cui:
551 1670 858 1757 episcopus
888 1668 1322 1737 Dunelmenscn
1368 1672 1510 1736 eccl:
1561 1672 1639 1737 ab
1687 1672 1953 1738 Alduino
2000 1672 2311 1741 fundatam

283 1756 499 1822 destrui
531 1764 836 1842 praecepit.
2254 1760 2265 1769 ’

363 1850 548 1909 Anno
585 1852 670 1911 D.
710 1862 894 1930 1093.
938 1846 1084 1908 Gu1=
1139 1842 1440 1929 episcopus
1486 1846 1705 1929 incepit
1748 1868 1963 1910 novam
1990 1849 2132 1912 ecci:
2176 1853 2311 1913 Du·

281 1934 458 1995 nelmi
490 1932 670 2016 episc:
702 1933 786 1997 sui
815 1954 973 1996 anno
1008 1953 1107 2017 13.
1138 1954 1213 1995 ex
1241 1954 1368 2017 quo
1394 1950 1592 1996 autem
1624 1936 1897 1999 monachi
1942 1936 2316 2021 Dunelmur'n

283 2037 686 2085 convenerant
727 2042 824 2086 11.
910 2024 1122 2084 Tertio
1165 2016 1308 2083 Idus
1354 2022 1523 2105 Aug:
1580 2020 1937 2083 Malcolinus
1987 2042 2117 2095 rex,
2164 2020 2313 2086 Gul:

279 2104 616 2256 epiiscopus,
685 2112 1003 2193 Turgotus
1047 2108 1214 2171 Prior
1259 2109 1482 2191 primos
1535 2110 1599 2170 iu
1648 2105 2033 2173 fundamento
2086 2110 2310 2191 lapides

387 2212 633 2257 uerunt.
963 2228 970 2235 ·
2198 2216 2205 2221 ·
2270 2228 2276 2231 ·

283 2212 726 2345 Pontalcolinus
753 2302 860 2346 rex
879 2285 1220 2345 Scottorum
1239 2281 1557 2364 quinquies
1578 2280 2065 2349 Northumbriam
2084 2284 2308 2348 invasit.

283 2368 484 2433 Primo
515 2386 800 2454 regnante
831 2370 1133 2434 Edwardo
1181 2390 1340 2454 rege,
1385 2368 1631 2452 quando
1656 2369 1823 2433 Tossi
1868 2390 2061 2435 comes
2086 2373 2313 2436 North-

281 2459 481 2520 umbr:
505 2455 624 2520 fuit
645 2461 870 2520 Romae.
961 2455 1236 2520 Secundo
1256 2477 1380 2540 reg:
1404 2458 1553 2519 Gul:
1579 2456 1869 2530 bastardo,
1903 2479 2025 2540 quo
2048 2477 2314 2541 tempore

283 2545 714 2607 Clivelandiam
759 2547 936 2608 etiam
978 2545 1378 2627 depopulavit.
1467 2548 1683 2606 Tertio
1726 2565 1852 2626 reg:
1902 2549 2109 2608 eodem
2159 2549 2309 2610 Gui:

281 2629 388 2694 sub
413 2633 737 2695 walchero
761 2630 1058 2715 episcopo,
1143 2635 1380 2716 Qarto
1429 2651 1556 2716 reg:
1610 2631 1759 2692 Gula
1794 2631 1959 2692 Rufo
2003 2629 2189 2714 usque
2234 2635 2311 2695 ad

283 2717 482 2781 Cestre
512 2723 793 2800 pervenit.
851 2721 1087 2804 Qiuto
1104 2713 1212 2780 sub
1238 2720 1447 2780 eodem
1471 2717 1620 2781 Gul:
1644 2737 1771 2798 quo
1800 2733 2063 2800 tempore
2092 2719 2123 2778 ἐι
2146 2723 2315 2781 Mor-

283 2805 446 2868 kello
489 2805 682 2869 milite
717 2805 940 2868 occisus
966 2803 1050 2866 est
1097 2825 1235 2866 cum
1263 2803 1392 2866 filio
1439 2825 1623 2888 prope
1652 2804 1801 2866 Alne
1832 2801 1935 2866 flu:
1965 2805 2025 2865 8:
2052 2803 2313 2885 sepultus

281 2895 438 2976 apud
462 2895 823 2957 Tinemuth.
911 2892 1090 2954 Unde
1113 2893 1446 2976 Margareta
1473 2893 1675 2974 regina
1702 2892 1827 2968 ejus
1852 2911 2001 2953 uxor
2022 2909 2100 2952 ex
2129 2893 2329 2954 animi'

283 2999 538 3042 moerore
565 2981 740 3044 obiit.

365 3069 674 3130 Robertus
695 3065 978 3146 Mulbray
994 3062 1286 3148 conspirat
1315 3067 1374 3128 in
1398 3063 1545 3127 Gul:
1568 3061 1816 3137 Rufum,
1864 3065 2023 3128 unde
2052 3060 2307 3144 obsess'us

283 3150 394 3217 fuit
425 3156 490 3216 in
517 3153 708 3217 castro
737 3155 813 3216 de
843 3155 1202 3226 Tinemuth,
1245 3153 1305 3214 &
1337 3149 1530 3234 postea
1561 3153 1620 3212 in
1652 3152 2072 3237 Bebbanburg.
2162 3151 2305 3216 Inde

282 3259 562 3304 uocatus
593 3242 626 3300 ὲ
653 3238 1002 3324 quibusdam
1031 3241 1316 3302 militibus
1341 3241 1497 3302 Novi
1524 3235 1709 3300 Castri
1733 3254 1807 3300 ut
1834 3259 1907 3302 eo
1935 3238 2302 3323 confugeret,

281 3323 378 3410 spe
405 3329 688 3390 decidens
717 3323 910 3390 rursus
951 3327 1282 3390 Tinemuth
1314 3327 1501 3407 petiit.
1592 3325 1768 3389 Unde
1810 3326 1885 3389 ab
1922 3327 2156 3390 ecclesia
2201 3348 2305 3391 ex·

285 3413 502 3478 tractus
533 3415 640 3490 est,
687 3417 744 3477 &
763 3413 1166 3477 Windesoram
1197 3416 1258 3476 in
1288 3409 1605 3477 custodiam
1634 3413 1875 3480 duetus.

355 3557 452 3614 Ex
469 3553 700 3618 Charta
720 3557 946 3617 Donat.-
977 3551 1202 3636 Edgari
1229 3553 1384 3636 regis
1410 3554 1752 3626 Scottorum,
1773 3549 1903 3636 filii
1922 3551 2229 3636 Malcolmi,

603 3641 692 3704 ad
711 3641 971 3705 monach.-
1005 3639 1342 3703 Dunelmen.
1374 3635 1442 3700 de
1466 3637 1993 3724 Coldinghangfhire.

365 3773 466 3833 Do
493 3767 652 3831 Gul:
681 3765 956 3852 episcopo
985 3769 1044 3829 81
1087 3764 1387 3828 monachis
1431 3769 1492 3827 S.
1541 3766 1895 3828 Cutheberti
1946 3763 2309 3831 mannonem

283 3855 355 3918 de
383 3856 649 3926 Berwik,
696 3855 754 3917 8<
783 3875 922 3916 cum
965 3853 1070 3916 ista
1118 3852 1408 3914 mansione
1455 3852 1558 3913 has
1588 3849 1957 3934 subscriptae,
1999 3855 2303 3933 Greyden,

283 3943 584 4017 Lemhale,
617 3940 984 4016 Clisterhnk,
1025 3941 1362 4022 Bricgham,
1410 3940 1725 4016 Ederham,
1758 3939 2042 4015 Cirnefid‚
2075 3941 2301 4015 Hilton,
2326 3965 2436 4030 pag.
2460 3978 2572 4024 545·

281 4029 580 4104 Blaceder,
645 4027 1159 4112 Cinebrightham‚
1225 4029 1556 4102 Hotonum,
1626 4024 1990 4111 Ravington,
2056 4031 2307 4104 Paxton,

546 4201 576 4232 a
611 4183 745 4234 Hauc
769 4199 920 4234 vocem
942 4199 996 4254 rx
1020 4179 1251 4231 Wbcrtoni
1271 4179 1412 4246 Angl.
1447 4183 1500 4229 S.
1523 4183 1581 4229 Τ.
1611 4198 1653 4229 r.
1670 4191 1723 4247 p.
1747 4197 1858 4241 ⁷04·
1880 4181 2037 4248 adjeci.

1229 4269 1279 4328 C
1308 4285 1342 4328 c
1370 4287 1404 4330 c
1447 4284 1484 4332 2
2094 4261 2307 4346 Fulge-
