2975 4800
309 121 486 225 «Μ’

335 694 449 761 rag.
471 702 588 753 607.

941 108 2517 225 ·JoANN18LELAND1··

1083 276 1313 343 Viribus
1339 279 1605 364 Hugonis
1632 280 1796 343 vires
1829 278 2059 359 periere
2083 276 2278 341 leonis.

759 390 891 454 Hoc
919 410 1074 455 anno
1121 392 1184 453 in
1229 388 1374 454 festo
1401 388 1659 453 Andreae
1690 386 1998 473 tempestas
2045 407 2213 450 max:
2261 379 2402 471 ’quae
2454 376 2711 453 militeni

669 498 810 541 cum
837 498 1026 541 uxore
1054 480 1112 541 δι
1139 477 1278 539 ueto
1327 478 1667 540 hominibus
1716 478 1882 540 ruina
1926 473 2321 538 aedificiorum
2370 475 2595 538 occidit
2634 477 2707 539 in

670 564 1094 643 Pilardestu‘ne,
1137 564 1270 626 villa
1289 562 1695 627 Warwicenfis
1726 563 2058 648 provintiae.
2518 564 2525 573 '

758 699 996 761 Diflum
1009 694 1397 775 archiepiscopi
1417 696 1710 758 Cantuar:
1740 696 1801 757 in
1828 697 1880 755 G
1882 692 1965 756 ul.-
1988 708 2015 739 α
2040 696 2257 757 Brwer
2266 691 2615 777 suadentem
2706 764 2714 769 ,

932 782 1368 866 refringendam
1396 782 1661 845 chartam
1684 784 1837 863 Joan
1845 784 1933 845 nis
1962 780 2028 843 de
2050 781 2438 845 libertatibus.

757 899 806 932 ‘⁸
833 891 1153 969 Gulielme,
1177 894 1216 957 si
1237 914 1432 978 regem
1451 893 1741 977 diligeres»,
1766 913 1965 977 pacem
1983 895 2151 976 regni
2174 916 2295 957 non
2322 896 2399 957 im
2405 894 2713 977 pedireS.’'

757 985 888 1045 Hoc
915 996 1180 1064 tempore
1217 980 1549 1063 capellanus
1577 981 1822 1063 quidam
1852 996 1977 1043 nat:
1998 980 2183 1063 Angl:
2220 1001 2379 1043 unus
2406 982 2481 1044 de
2506 980 2707 1045 custo⁴

669 1067 850 1133 dibus
877 1068 1258 1149 reliquiarum
1287 1068 1615 1130 Baldewini
1644 1068 1855 1149 imper:
1884 1082 2019 1130 ante
2046 1067 2702 1145 comiti8‚FlandrensiS,

669 1156 831 1219 venit
859 1152 894 1215 ὲ
919 1153 1430 1236 Constantinopoli
1457 1174 1595 1217 cum
1624 1154 1829 1217 multis
1870 1154 2134 1237 reliquiis
2162 1154 2239 1217 ad
2280 1156 2346 1217 S.
2396 1154 2727 1235 Albannm'

669 1242 780 1305 ubi
821 1256 1043 1323 partem
1085 1262 1286 1304 earum
1316 1260 1454 1303 cum
1484 1240 1836 1303 ornamentis
1864 1242 2169 1317 vendidit3
2234 1236 2469 1305 crucem
2498 1260 2709 1306 autem

677 1329 952 1413 ligneam,
998 1344 1224 1411 partem
1255 1328 1525 1391 videlicet
1554 1328 1866 1403 dominicae
1900 1330 2093 1401 crucis
2120 1349 2261 1413 cum
2288 1329 2527 1393 duobus
2556 1329 2708 1399 filiis

677 1412 798 1479 suis
835 1416 1092 1499 parvulis
1121 1416 1196 1479 ad
1225 1415 1569 1483 Bromholm
1598 1414 1805 1481 cellam
1834 1414 2153 1499 quandam,
2199 1416 2357 1479 utin
2385 1416 2709 1481 monacha·

679 1516 812 1567 tum
841 1504 1254 1585 reciperentur,
1299 1501 1571 1565 adduxit.
2560 1578 2571 1587 ι

762 1588 990 1653 Eodem
1023 1604 1285 1673 tempore
1303 1588 1613 1664 FalcafiuS,
1643 1586 2003 1672 cognoscens
2024 1589 2191 1673 quod
2216 1592 2345 1651 Mar
2354 1590 2511 1652 tinus
2528 1593 2711 1652 Pate-'-

673 1676 824 1750 thul,
870 1676 1144 1739 Thomas
1172 1676 1246 1739 de
1273 1676 1567 1751 Multona,
1614 1679 1671 1737 8<
1702 1678 1991 1739 Henricus
2022 1678 2095 1739 de
2118 1677 2489 1757 Braybrook,
2526 1675 2707 1757 justi·

675 1765 837 1827 ciarii
867 1765 1106 1825 Henrici
1139 1784 1196 1847 3.
1233 1784 1378 1826 eum
1409 1762 1569 1846 apud
1600 1760 1963 1847 Dunestaple
2002 1762 2481 1827 condemnassent
2525 1765 2587 1826 in
2632 1783 2703 1845 3.

671 1850 934 1915 millibus
975 1850 1254 1914 librarum
1305 1871 1444 1934 erga
1473 1870 1691 1933 regem,
1731 1849 1895 1929 juffit
1934 1850 2271 1925 castellanos
2310 1848 2444 1913 suos
2494 1868 2564 1913 ut
2596 1870 2707 1913 eos

672 1932 1018 2001 inducerent
1046 1939 1120 2000 ad
1147 1937 1400 2001 castrum
1445 1938 1521 1999 de
1550 1934 1847 2000 Bedeford
1872 1963 1891 2013 ;
1954 1936 2053 2017 sed
2086 1936 2373 2019 justitiarii
2404 1930 2722 2000 inteileaa'

672 2021 882 2089 fraude
906 2020 1284 2109 aufugerunt,
1331 2022 1428 2087 sed
1461 2026 1521 2087 in
1540 2022 1684 2107 fuga
1705 2040 1913 2107 captus
1940 2022 2023 2087 est
2040 2026 2327 2088 Henrieus
2350 2025 2702 2101 Braibroke‚

676 2116 735 2175 ἃ
765 2112 841 2175 ad
871 2112 1122 2177 castrum
1150 2115 1224 2175 de
1257 2110 1551 2175 Bedeford
1575 2113 1635 2171 vi
1666 2111 2026 2193 perduEtuS.·

758 2196 1086 2262 ‘Castellum
1118 2201 1192 2264 de
1219 2196 1511 2263 Bedeford
1548 2195 1852 2275 obsessum,
1896 2202 1955 2261 ἃ
1984 2213 2246 2283 captum,
2290 2198 2351 2260 ἆ
2380 2197 2505 2261 solo
2535 2219 2705 2263 com-

721 2284 1008 2348 lanatum.

675 2306 736 2521 ξ,
762 2368 1064 2435 Obseffum
1093 2368 1176 2435 est
1213 2372 1310 2440 16.
1357 2370 1489 2440 Kal.
1536 2374 1661 2456 Jul:
1702 2377 1957 2458 Captum
1998 2372 2081 2438 est
2124 2372 2187 2436 in
2216 2372 2343 2458 vig:
2396 2373 2701 2458 Affumpte

702 2461 967 2542 equenti.

764 2543 1088 2610 Castellum
1115 2547 1189 2609 de
1222 2547 1515 2612 Bedeford
1548 2545 1685 2609 fecit
1735 2569 1841 2612 rex
1880 2549 2258 2634 complanari,
2302 2551 2361 2613 &
2398 2549 2590 2634 redigi
2622 2551 2703 2613 „in

675 2654 936 2699 acervos,
1027 2638 1256 2699 Domos
1285 2657 1422 2698 vero
1449 2637 1613 2698 dedit
1641 2636 1785 2704 Gul:
1818 2635 1891 2698 de
1920 2637 2085 2699 Bello
2112 2656 2343 2718 camp0,
2392 2639 2451 2698 Sc
2494 2637 2699 2700 locum

677 2743 821 2786 cum
857 2721 1117 2784 aedificiis
1167 2721 1467 2786 univcrIiS.
1556 2723 1783 2785 Eodem
1838 2741 2101 2807 tempore
2140 2725 2478 2788 Richardus
2518 2721 2705 2788 frater

675 2812 834 2894 regis
862 2809 1098 2873 Henrici
1131 2829 1191 2891 3.
1241 2825 1425 2871 totam
1453 2807 1793 2872 Vasconiam
1826 2809 1931 2872 fibi
1959 2810 2365 2894 subjugavit:-

767 2897 998 2960 Eodem
1041 2913 1302 2979 tempore
1329 2899 1478 2962 obiit
1530 2900 1712 2980 Hugo
1754 2900 1933 2978 Bigot
1966 2917 2159 2960 comos
2186 2898 2421 2975 Orientz
2466 2897 2711 2982 Anglo-

681 3005 857 3057 rum;
901 2987 1069 3064 cujus
1099 2999 1277 3047 terras
1303 2984 1362 3046 δι
1387 2986 1641 3047 honores
1670 3003 1875 3047 omnes
1900 3003 2009 3048 rex
2036 2985 2145 3048 sub
2185 2983 2479 3069 justitiarii
2506 2984 2727 3050 custo-‘

679 3071 778 3134 dia
807 3069 1132 3154 deputavit.

760 3161 938 3220 Anno
967 3161 1048 3218 D.
1090 3157 1273 3220 1226.
1303 3180 1409 3222 rex
1431 3159 1717 3222 Heni-icus
1742 3177 1802 3240 3.
1832 3160 1999 3242 gravi
2028 3156 2363 3224 infirmitate
2390 3171 2702 3242 correptus

685 3240 772 3307 est
798 3245 958 3325 apud
991 3245 1378 3328 Merleberge.

769 3331 900 3392 Hoc
927 3349 1078 3392 anno
1101 3331 1405 3394 Hubertus
1437 3331 1513 3395 de
1541 3336 1764 3416 Burgo,
1808 3333 1973 3417 regni
1996 3331 2359 3414 justitiariuS,
2404 3335 2563 3396 Gulz
2598 3353 2705 3396 co·

683 3417 889 3480 mitem
921 3415 1246 3480 Sarelbiriae
1272 3420 1539 3482 invitavit
1575 3421 1649 3482 ad
1699 3418 1973 3494 mensam,
1993 3459 2001 3467 -
2021 3424 2081 3481 in
2133 3441 2253 3504 qua
2302 3421 2455 3483 idem
2502 3439 2703 3484 comes
2728 3413 2739 3426 '

677 3505 918 3568 occulto
943 3501 1193 3568 infefiius
1221 3525 1447 3568 veneno
1473 3507 1633 3588 apud
1656 3508 2085 3589 Merlebergam
2106 3511 2178 3569 ad
2206 3505 2503 3570 castellum
2531 3505 2703 3570 suum

577 3631 594 3644 ·
679 3591 1089 3655 saresbiriense
1109 3592 1264 3654 lecto
1286 3595 1567 3655 decubuit
1586 3596 1841 3676 graviter
1863 3595 2215 3656 infirmatus.
2291 3597 2498 3656 Cauffa
2522 3596 2705 3673 hujus

681 3677 1014 3742 infestionis
1041 3695 1165 3741 erat
1193 3679 1318 3741 ista.
1409 3682 1559 3742 Gul:
1590 3701 1724 3741 cum
1748 3701 1945 3744 comes
1968 3685 2001 3743 ”a
2018 3703 2157 3764 rege
2186 3681 2345 3766 apud
2374 3680 2703 3744 Merleber·

683 3786 820 3850 gam
862 3767 896 3828 εὶ
941 3765 1326 3842 transmarinis
1355 3767 1623 3848 partibus
1652 3771 1883 3830 veniens
1928 3770 1987 3828 in
2036 3789 2193 3852 mag:
2242 3765 2539 3850 susceptus
2564 3767 2737 3831 effet‘

663 3853 904 3927 laetitia,
950 3873 1184 3936 gravem
1215 3854 1288 3915 de
1317 3855 1594 3916 Huberto
1638 3855 1713 3916 de
1742 3859 1949 3938 Burgo
1974 3855 2279 3937 querelam
2306 3857 2465 3938 apud
2497 3875 2703 3939 regem

659 3937 948 4019 deposuit
973 3959 988 3999 τ
1033 3939 1220 4024 Qod
1250 3939 1392 4002 dum
1423 3943 1484 4002 in
1504 3943 1757 4003 remotis
1778 3941 2047 4022 partibus
2072 3943 2210 4005 esset
2244 3944 2303 4004 in
2335 3943 2444 4005 suo
2468 3940 2705 4006 servitio

673 4024 796 4110 ipse
845 4023 1071 4090 miserat
1121 4027 1470 4109 degenerem
1520 4026 1717 4090 viruin
1756 4029 2052 4109 quendam
2122 4030 2546 4112 Reymundum
2598 4051 2733 4092 ne·-

675 4127 878 4264 P⁰}⁰f¹¹
927 4109 1122 4192 snum,
1182 4116 1401 4196 quiec
1442 4115 1671 4177 vivente
1720 4133 1857 4178 cum
1904 4135 2094 4182 uxore
2132 4115 2229 4182 sua
2270 4117 2551 4182 fornicari
2588 4114 2701 4180 dis·

783 4213 892 4264 mt-
1265 4221 1274 4230 ·

674 4220 758 4359 p?
1622 4326 1649 4354 a
1700 4308 1789 4358 ,ἵζει
2394 4293 2703 4358 Hubert&
