2975 4800
443 218 1150 317 ANTIQUARII
1234 220 2091 287 COLLECTANEA.

357 349 694 413 wulfricus
713 344 1026 413 sacerdotis
1055 372 1300 421 munere
1326 351 1637 435 aliquanto
1665 368 1931 437 tempore
1959 352 2199 419 funftus
2224 353 2311 419 est

281 437 334 501 in
363 440 523 512 villa,
567 460 712 520 quae
749 440 1068 501 Diverelles
1098 440 1336 501 dicitur.

357 526 703 587 Gulielmus
733 526 1014 587 dominus
1045 527 1192 587 villae
1225 526 1300 586 de
1331 526 1658 590 Diverellis.

359 610 720 695 Haselberga
753 614 890 674 villa
919 614 1210 675 Gulielmi
1239 612 1453 675 distans
1481 616 1680 679 versus
1714 615 1997 679 orientem
2030 636 2133 697 30.
2164 618 2309 701 paff:

279 700 418 761 niu:
445 700 526 759 ab
559 700 812 761 Exonia.

357 782 686 847 wulfricus
717 785 1014 849 familiaris
1042 786 1370 849 GulielmO.

275 870 691 1021 &wulfricus
723 876 998 957 migravit
1046 878 1107 937 in
1153 875 1424 937 cellulam
1453 874 1711 935 vicinam
1759 874 2009 942 ecclefiae
2054 876 2131 940 de
2181 882 2302 949 Ha-

353 960 551 1041 berge.

359 1046 691 1109 Wulfricus
727 1068 834 1129 pro
860 1047 1093 1110 indusio
1119 1049 1272 1109 lineo
1299 1048 1480 1109 lorica
1512 1044 1695 1109 ferrea
1726 1046 1861 1109 usus
1890 1048 1992 1112 est.

355 1134 698 1195 Gulielmus
721 1133 1033 1197 conversus
1053 1134 1348 1216 hospitalis
1369 1137 1442 1196 de
1466 1134 1661 1195 Forda
1676 1133 1973 1199 familiaris
1988 1138 2301 1207 Wulfrim.

355 1222 724 1285 Biichtricus
753 1222 938 1284 socius
961 1222 1238 1285 Wulfrici
1267 1225 1355 1283 vir
1381 1220 1629 1283 aniius.

707 1358 760 1415 E
790 1374 850 1419 2.
881 1354 1022 1417 libro
1051 1358 1296 1436 Joannis
1325 1356 1394 1419 de
1424 1359 1563 1419 vita
1592 1358 1870 1439 Wulfrici.

351 1477 692 1540 Eilwardus
721 1480 798 1541 de
823 1480 1164 1563 Salesbirga.

351 1570 598 1628 Beatrix
629 1566 750 1625 filia
781 1567 1034 1629 domina:
1064 1572 1138 1631 de
1167 1564 1509 1651 Haselberg.

349 1654 540 1715 Beate
569 1653 780 1714 mulier
810 1653 1046 1717 illustris
1075 1653 1280 1737 pransa
1312 1654 1392 1716 est
1432 1655 1591 1735 apud
1614 1654 1999 1721 Wulfricum.

347 1740 636 1802 Ailredus
672 1740 748 1801 de
778 1742 1089 1803 Lincolnia
1119 1743 1276 1803 filius
1319 1747 1535 1803 Bemae.

353 1830 568 1911 Drogo
625 1826 700 1889 de
751 1830 971 1891 Muncz
1023 1826 1361 1891 familiariss‘:
1409 1832 1668 1892 Hearico
1712 1828 1904 1911 primo
1946 1832 2069 1915 regi
2117 1828 2302 1915 Angit

271 1910 698 1994 blasphemavit
747 1936 952 1977 nomen
983 1916 1278 1979 Wulfrici.

353 2003 644 2063 Henricus
687 2004 912 2084 primus
939 2022 1046 2065 rex
1075 2024 1193 2065 una
1221 2024 1358 2067 cum
1400 2006 1601 2086 regina
1633 2000 2003 2065 Wulfricum
2031 2002 2304 2083 invisunt,

273 2107 396 2168 quo
423 2104 696 2169 tempore
725 2092 938 2173 Drogo
985 2086 1422 2173 blasphemator
1452 2092 1721 2153 infirmus
1764 2090 1843 2151 ab
1875 2088 2172 2155 Wulftico
2197 2113 2305 2155 cu·

273 2190 430 2235 ntus
459 2174 564 2238 est.

353 2262 700 2325 Gilcbertus
727 2262 908 2325 abbas
932 2262 1006 2325 de
1035 2265 1367 2345 Waverley.

353 2350 648 2412 Henaicus
703 2352 888 2415 abbas
921 2352 996 2414 de
1026 2355 1286 2416 Tintcrn
1331 2350 1590 2415 succeffit
1635 2351 1913 2417 Gilberto
1954 2352 2015 2416 in
2066 2351 2301 2422 abbatia

277 2435 346 2498 de
371 2441 706 2520 Waverley.

357 2526 616 2600 Joannes
675 2525 1048 2589 Anachoreta
1119 2527 1194 2590 de
1246 2527 1671 2590 Winterburna
1715 2547 1848 2610 quae
1896 2525 1980 2589 est
2044 2527 2105 2590 in
2152 2547 2309 2612 pago

277 2611 619 2676 Dorieteafi.

355 2699 686 2764 Wulfricus
715 2701 898 2786 longo
928 2716 1190 2784 tempore
1215 2700 1424 2764 claruit
1455 2699 1659 2782 spiritu
1704 2697 2050 2781 prophetiae.

355 2789 618 2851 Matildis
646 2791 774 2852 xvi.
815 2810 962 2871 pene
1021 2809 1206 2850 annos
1261 2791 1751 2850 Anachoreticam
1804 2788 1985 2848 vitam
2016 2786 2194 2848 duxit
2240 2789 2305 2850 in

275 2873 606 2951 wereham,
651 2897 796 2957 opp:
833 2873 1192 2939 Dorsetcnfis
1221 2876 1548 2958 provintiae,
1593 2876 1699 2936 ubi
1736 2873 1945 2934 cellam
1974 2869 2303 2936 construxit

275 2973 532 3046 tempore
561 2963 860 3026 wulfrici.

353 3049 680 3128 Jeretrudis
713 3050 929 3112 famula
955 3049 1220 3112 Marildis
1253 3049 1536 3110 Dominae
1567 3045 1844 3112 succeffit.

353 3137 650 3200 christina
681 3139 800 3199 fiiia
829 3139 1125 3200 Richildis
1154 3139 1214 3198 in
1244 3137 1448 3198 eadem
1477 3135 1626 3197 cella
1656 3133 1913 3198 succeffit
1934 3134 2253 3212 Jeretrudi.

355 3225 688 3288 Richardus
720 3225 1018 3305 presbyter
1065 3225 1139 3286 de
1179 3221 1581 3285 coriscumbe.

2514 250 2651 321 ⁴45

353 3307 644 3394 Sampson
677 3313 754 3374 de
783 3313 1118 3388 Lincolnia‚
1163 3311 1250 3372 vir
1303 3331 1419 3372 non
1458 3310 1613 3390 parvi
1654 3309 1929 3384 nominis,
1973 3309 2299 3374 avunculus
2322 3337 2568 3404 Pagus.

267 3397 514 3460 Aluredi
561 3401 638 3461 de
697 3399 1003 3460 Lincolnia
1021 3399 1154 3479 0qui
1201 3417 1359 3459 nunc
1401 3395 1672 3480 superest,
1716 3393 1898 3459 frater
1938 3393 2055 3458 fuit
2098 3399 2299 3462 uxoris

267 3487 551 3548 Gulielmi
585 3485 700 3549 Ι)“ἰ
750 3488 824 3548 de
855 3485 1190 3568 Hasclberg.

351 3577 626 3656 Rogerus
657 3573 732 3634 de
759 3577 816 3636 N
825 3590 1002 3634 unant
1039 3576 1128 3636 vir
1157 3587 1382 3656 potens.

355 3661 662 3723 Robertus
695 3661 770 3722 de
800 3665 857 3721 S.
887 3659 1120 3721 Albano
1159 3659 1480 3721 monachus
1504 3657 1835 3722 Fordenfis.

351 3747 694 3822 Gulielmus
725 3747 880 3808 filius
907 3749 1178 3808 Gualteri
1223 3748 1521 3806 Dominus
1556 3745 1631 3806 de
1663 3742 2036 3825 Haseiberge.

353 3835 682 3897 Durandus
725 3835 802 3897 de
847 3835 1082 3896 Mol-sun
1127 3835 1312 3908 πιίἔεε,
1375 3829 1555 3892 frater
1606 3833 1809 3892 uxoris
1856 3829 2145 3893 Gulielmi
2192 3829 2305 3895 filii

265 3921 558 3990 Gualteri.

349 4009 584 4071 Widele
613 4009 748 4070 villa
779 4007 1060 4072 Gulielmi
1095 4007 1198 4068 filii
1230 4005 1545 4067 Gualterii.

343 4105 406 4156 (ι’
435 4095 687 4160 .lielmus
713 4097 872 4158 filius
895 4097 1162 4156 Gualteri
1189 4093 1436 4154 instituit
1458 4092 1787 4156 canonicos
1814 4095 2111 4177 regulares
2132 4093 2297 4176 apud

261 4179 635 4272 {laselberge‚
684 4183 743 4248 &
775 4203 872 4245 eos
901 4181 1334 4267 poffiffionibus
1366 4181 1593 4242 ditavit.

2112 4335 2299 4398 Verba
