2975 4800
912 188 923 198 .
1063 135 1464 220 JQANN
1510 133 1625 196 ts
1714 133 1855 198 LE
1894 130 2295 198 LAnnt

689 265 1006 350 adJuvante
1021 262 1312 330 wilfrido
1341 265 1653 328 terminata
1671 259 1831 326 oeffit
1848 263 2049 330 officio
2066 281 2379 350 repentens
2398 267 2685 336 Scottum.

783 357 934 420 Eata
952 373 1106 416 unus
1133 372 1210 418 ex
1237 370 1338 416 12.
1423 354 1577 414 ueris
1604 349 1789 433 Angit
1816 373 1971 434 quos
2018 353 2294 416 eduoevit
2320 353 2599 419 Aidanns
2640 378 2733 422 re·

695 441 941 505 cedente
989 439 1317 504 colmanno
1353 371 1551 502 gaus
1598 435 1685 502 est
1718 437 1899 504 abbas
1936 440 2213 504 monach:
2251 442 2315 504 in
2364 440 2733 510 Lindisfatm

697 547 778 596 cx
805 529 1020 594 abbate
1047 523 1432 590 Mailrosenfi.

791 619 940 680 Eata
979 612 1274 680 transtulit
1317 615 1378 676 S}
1424 611 1828 678 cuthbertum
1866 609 1901 670 ὲ
1949 613 2195 676 Mailros
2230 612 2309 676 ad
2360 613 2740 690 Lindisfara:

705 699 817 768 ins:
847 723 1003 768 anno
1045 705 1132 766 D.
1163 701 1312 780 664.
1353 701 1416 762 δι
1447 720 1552 783 30.
1593 719 1755 762 anno
1782 719 1910 784 quo
1952 699 2117 762 scoti
2162 701 2411 766 domum
2450 703 2747 782 abeuntes

699 789 806 856 reli
855 803 1068 852 nerunt
1097 783 1539 852 Lindisfarnen:
1566 785 1713 850 eccl:

869 875 988 938 uda
1008 876 1119 960 qui
1145 874 1305 958 apud
1327 877 1567 937 Scottos
1584 871 1900 936 Austrinos
1924 873 2193 938 eruditus
2216 889 2365 953 erat,
2394 871 2657 941 succeffit
2670 879 2744 944 in

539 1017 572 1032 ,,
624 989 656 1013 =·
711 957 891 1046 episc:
935 959 1294 1026 Lindisfarn:
1345 961 1703 1036 colmanno,
1746 963 1805 1023 δε
1834 961 2045 1024 eodem
2084 982 2243 1026 anno
2270 983 2349 1028 ex
2372 962 2537 1048 peste
2558 965 2743 1046 obiit.

713 1051 774 1114 ac
801 1045 1061 1132 sepultus
1089 1045 1171 1112 est
1199 1049 1264 1111 in
1293 1047 1638 1112 monasterio
1661 1049 1739 1111 de
1766 1047 2081 1131 Penelegb.
2724 1116 2731 1122 ,

797 1137 1051 1202 Mortuo
1075 1134 1264 1199 Tuda
1287 1131 1609 1200 Wilfridus
1634 1155 1792 1198 anno
1814 1137 2005 1200 aetatis
2035 1155 2140 1218 30.
2168 1135 2247 1200 ab
2270 1133 2516 1205 Alfrido
2534 1137 2749 1214 miffus',

715 1221 800 1288 est
827 1223 886 1285 in
915 1221 1170 1288 Galliam
1195 1219 1624 1288 consecrandus
1650 1225 1713 1285 in
1736 1217 2075 1305 episcopum
2104 1223 2291 1287 Ebot:
2322 1221 2423 1288 sed
2448 1245 2525 1288 oo
2550 1225 2745 1291 diuti-

719 1307 918 1374 nscule
949 1309 1034 1374 ibi
1071 1325 1342 1374 morante
1368 1309 1593 1385 Cedda,
1626 1309 1873 1392 jubente
1914 1307 2137 1386 oswio,
2180 1310 2259 1372 ad
2304 1312 2551 1376 eandem
2588 1313 2749 1384 eccl:

716 1397 1046 1461 ordinatur.
1137 1395 1266 1460 sed·
1288 1393 1418 1479 post
1447 1397 1764 1460 triennium
1784 1395 2037 1478 jubente
2066 1397 2401 1462 Theodoro
2424 1397 2743 1484 archiepis?-

719 1504 874 1568 eopo
923 1483 1133 1550 Cedda
1179 1482 1416 1570 repeti-it
1463 1483 1797 1568 Lestingey,
1852 1485 1913 1546 &
1942 1481 2260 1548 walfridus
2292 1487 2563 1548 omnium
2590 1487 2750 1556 eccl:

719 1571 1239 1639 Northanhnmbr:
1257 1591 1460 1636 curam
1473 1566 1741 1655 suscepit.
1782 1573 1938 1634 Nam
1951 1567 2369 1656 Hagustaidm:
2386 1572 2535 1638 eccl:
2556 1575 2751 1640 alium

719 1673 848 1722 tum
875 1657 1310 1724 non-habebat.
1397 1657 1669 1722 Candida
1698 1652 1844 1721 casa
1868 1676 1979 1721 nec
2004 1659 2155 1722 dnm
2180 1655 2519 1744 episcopum
2548 1659 2754 1728 habu·

717 1759 863 1812 erat.
953 1745 1120 1812 Eccl:
1143 1765 1390 1830 quoque
1412 1743 1776 1808 Lindisfarm
1800 1741 2138 1832 episcopum
2158 1747 2465 1832 proprium
2492 1765 2617 1812 non
2637 1747 2751 1814 ha·

719 1833 878 1910 buit,
923 1829 1144 1898 reverso
1171 1833 1234 1898 in
1267 1834 1514 1916 patriam
1560 1831 1907 1907 Colmanno‚
1952 1833 2012 1893 δε
2054 1847 2301 1898 mortuo
2334 1831 2543 1900 Tude.
2628 1838 2753 1918 Ju-

719 1923 900 1986 bente
928 1938 1130 1986 autem
1155 1941 1221 1985 re
1263 1941 1296 1983 e
1315 1915 1521 1984 Oswio
1543 1933 1709 1982 erant
1736 1915 1846 1983 sub
1866 1938 2006 1982 cura
2025 1919 2171 1982 abbz
2192 1917 2530 1984 Mailrosen:
2575 1923 2755 1988 Eatae

720 2005 932 2074 fratres
957 2005 1213 2090 ejusdem
1257 2009 1368 2072 oei.
1455 2005 1635 2070 Unde
1663 2003 1781 2090 ipse
1806 2005 1991 2068 abbas
2014 2009 2164 2068 Eata
2188 2007 2548 2074 monachum
2572 2003 2754 2072 suum

725 2097 789 2161 8.
819 2095 1222 2160 Cuthbertum
1250 2093 1327 2159 de
1353 2091 1667 2158 monaster:
1696 2089 1803 2157 suo
1842 2091 1918 2155 de
1942 2092 2209 2170 Mailros,
2254 2095 2363 2157 ubi
2407 2093 2570 2158 stetit
2597 2115 2752 2178 prae·

725 2179 952 2268 politus
983 2200 1125 2244 ann:
1168 2201 1264 2262 13.
1297 2180 1426 2266 post
1453 2195 1703 2244 mortem
1731 2177 1924 2243 Boifiii
1952 2178 2213 2266 magistri
2244 2177 2333 2246 sui
2358 2181 2421 2243 ἃ
2450 2181 2753 2266 praepofiti

720 2264 980 2348 ejusdem
1007 2265 1315 2332 monaster:
1341 2266 1635 2330 transtulit
1654 2268 1718 2329 in
1739 2264 2104 2332 Lindisfarn:
2130 2265 2440 2334 monasterz
2460 2286 2533 2332 ut
2550 2269 2635 2332 ibi
2656 2291 2755 2350 ποτ

722 2352 926 2443 gulam
946 2351 1195 2417 monast:
1221 2351 1601 2437 pet-semonis
1620 2353 1938 2418 autoritate
1962 2353 2221 2434 doceret,
2250 2375 2408 2419 anno
2424 2359 2507 2423 D.
2532 2357 2689 2435 664.

815 2439 1228 2507 euthebertus.
1277 2440 1503 2505 emetis
1551 2439 1918 2507 Lindisfarn:
1978 2443 2143 2507 annis
2202 2460 2301 2508 12.
2344 2446 2515 2527 petiit
2560 2448 2756 2513 Fame

566 2540 582 2555 “
723 2524 988 2595 insulam.

809 2612 1240 2767 Eaggucceffit
1264 2613 1465 2696 Tudae
1487 2614 1551 2681 in
1567 2611 1743 2703 episc:
1768 2612 2139 2683 Lindisfarn:
2166 2612 2539 2685 consecratus
2558 2615 2757 2683 Ebot}

719 2708 755 2777 i
783 2704 888 2770 Th
1005 2724 1134 2767 oro.

727 2786 732 2791 ’
813 2790 1062 2857 Boifilus
1091 2792 1150 2854 8<
1179 2788 1593 2856 Cuthebertus
1619 2786 1889 2873 discipuli
1920 2792 2103 2855 Eatae.

815 2880 932 2943 Hic
953 2882 1101 2945 Eata
1129 2898 1192 2961 3.
1224 2880 1388 2941 annis
1403 2878 1671 2963 pontific:
1702 2874 2058 2941 Lindisfarn:
2090 2878 2148 2939 δι
2168 2874 2759 2961 Haugustaldensem,

729 2986 912 3053 quem
940 2970 1002 3031 S.
1052 2964 1368 3029 Wilfridus
1405 2985 1563 3029 anno
1600 2968 1683 3029 D.
1720 2966 1871 3046 673.
1916 2960 2208 3038 fundavit,
2247 2965 2426 3028 rexit.
2516 2966 2760 3029 Deinde

727 3052 926 3206 flesto
949 3053 1295 3119 Tumberto
1318 3051 1399 3115 ad
1421 3048 1724 3137 Hagustal:
1753 3051 1853 3115 ille
1899 3048 2057 3115 solus
2098 3049 2345 3135 praefuit
2386 3050 2758 3120 Lindisfam:

751 3138 869 3203 edi.

823 3220 1028 3289 Postea
1054 3224 1274 3291 otacus
1311 3244 1371 3309 3.
1400 3226 1567 3289 annis
1594 3226 1973 3293 'rumbertus
2010 3239 2254 3311 propter
2296 3220 2762 3289 inobedientiam

733 3310 1036 3394 depositus
1061 3310 1167 3389 est,
1211 3314 1274 3375 &
1317 3316 1379 3378 S.
1425 3313 1827 3379 Cuthebertus
1859 3314 1920 3377 in
1960 3310 2299 3395 episcopum
2326 3310 2761 3399 Hagustaldent

739 3398 965 3463 ele-stus
993 3398 1074 3461 est
1103 3401 1164 3463 in
1195 3396 1421 3483 synodo
1449 3402 1611 3481 apud
1637 3398 1941 3465 Twiford.

823 3488 958 3549 Rex
981 3484 1268 3550 Ecbertus
1297 3508 1434 3551 cum
1449 3490 1813 3555 Trumwino
1834 3482 2109 3573 episcopo
2136 3484 2420 3573 navigant
2444 3482 2523 3547 ad
2548 3484 2762 3575 Fame,

739 3574 798 3637 81
831 3572 1229 3639 cuthbertum
1259 3575 1557 3639 volentem
1604 3575 1903 3640 nolentem
1952 3572 1987 3635 ὲ
2018 3572 2236 3637 solitar:
2284 3573 2405 3633 vita
2451 3572 2529 3635 ad
2556 3590 2765 3637 curam

735 3658 1077 3745 pastoralem
1119 3660 1449 3727 abducunt.
1536 3666 1665 3725 Nec
1694 3661 1889 3726 multo
1920 3658 2049 3745 post
2078 3666 2227 3725 Eata
2262 3656 2483 3721 exae'tis
2510 3658 2574 3721 in
2613 3654 2763 3741 epis·

737 3764 955 3831 copatu
988 3744 1353 3813 Lindisfarn:
1395 3768 1493 3826 14.
1520 3751 1688 3813 annis
1715 3748 1997 3812 reduetus
2024 3748 2109 3811 est
2139 3747 2215 3810 ad
2232 3744 2422 3809 sedem
2451 3744 2767 3827 Hagustal-

737 3832 1018 3899 densem=
1064 3836 1124 3897 &
1162 3836 1565 3900 Cuthebertus
1592 3835 1663 3897 fit
1706 3832 2011 3919 episcopus
2056 3831 2419 3899 Lindisfarn:
2460 3828 2767 3896 consecra-

736 3917 948 4001 tusque
975 3918 1058 3983 est
1085 3920 1267 3985 Ebot:
1303 3922 1338 3984 a
1367 3922 1701 3987 Theodoro
1728 3919 2166 4006 archiepiscopo
2184 3924 2469 3985 cantuar:
2491 3916 2765 4003 praesente

603 4043 612 4051 -
731 4024 871 4089 rege
893 4008 1171 4083 Eeberto,
1219 4009 1278 4069 &
1323 4028 1383 4083 7.
1413 4006 1717 4093 episcopis,
1764 4030 1921 4073 anno
1944 4012 2208 4093 D.'685.
2256 4008 2317 4069 8c
2360 4026 2487 4090 reg:
2534 4002 2762 4085 chridi

745 4111 841 4155 12.
931 4094 1046 4157 Cui
1075 4112 1180 4157 rex
1211 4092 1445 4158 chride
1473 4098 1674 4159 villam
1728 4096 1805 4160 de
1840 4100 2001 4159 Crek
2029 4100 2090 4159 8c
2122 4116 2184 4181 3.
2234 4096 2297 4157 in
2344 4093 2598 4157 circuitu
2640 4094 2766 4177 eJus

732 4178 1004 4245 milliaria
1053 4180 1107 4247 ei
1145 4180 1331 4259 dedit,
1393 4198 1460 4247 ut
1498 4182 1747 4250 haberet
1790 4182 1977 4249 Ebot:
2022 4185 2167 4265 iens,
2212 4180 2309 4248 vel
2346 4180 2483 4249 ind'e
2532 4179 2769 4243 rediens

2508 4263 2765 4336 manlio*
