2975 4800
367 145 498 230 με
1002 135 2321 224 JOANNISLELANDI

771 275 858 338 At
883 268 1160 338 chridus
1187 291 1292 336 rex
1321 271 1529 336 eodem
1558 290 1713 334 anno
1740 294 1867 355 quo
1892 271 2260 340 consecratus
2300 277 2383 341 est
2428 278 2777 346 Cuthber'-

693 375 792 424 tus
817 375 956 424 cum
991 380 1154 424 max=
1199 375 1369 443 parte
1386 357 1473 423 sui
1492 361 1781 422 exercitus
1804 362 2033 426 interra
2056 361 2378 439 Piston-um,
2407 363 2626 431 secund
2636 387 2777 432 um

687 449 803 511 viri
835 449 950 512 Dei
979 447 1368 530 prophetiam,
1413 445 1709 510 extinc'tus
1746 447 1829 510 est
1858 451 2017 530 apud
2038 448 2515 526 Nethanesmere‚
2561 457 2777 538 q‘uod

687 533 773 598 est
799 533 1075 620 stagnum
1119 534 1404 608 Nethani,
1447 553 1603 596 anno
1628 535 1797 618 regni
1823 532 1910 598 sui
1948 555 1971 598 ι
1988 556 2047 620 ς.
2094 540 2279 618 Cujus
2308 559 2526 624 corpus
2554 543 2621 605 in
2662 543 2773 606 Hi

689 618 881 688 insula
909 621 1200 686 columbae
1225 617 1519 704 sepultum
1547 618 1651 684 est.

801 710 1172 774 Cuthbertus
1225 708 1371 772 vixit
1427 710 1490 772 in
1540 704 1875 792 episcopatu
1912 711 2067 776 duos
2124 731 2327 791 annos,
2392 713 2455 776 82
2508 709 2773 778 mensa

695 795 950 880 aliquot.

1309 883 1458 967 Pag.
1487 898 1645 962 421,
1686 901 1839 964 422.
1880 899 2108 952 vacant.

361 1026 476 1095 rag.
495 1041 612 1090 μς.
974 1013 1104 1098 [De
1143 1015 1403 1098 episcopis
1451 1013 1788 1101 Lindisfar:
1834 1019 1893 1088 ἂ
1924 1011 2445 1104 Dunelmetfibus.]

773 1141 1110 1206 Eadbertus
1127 1141 1364 1226 praefuit
1381 1142 1700 1207 Lindisfar=
1730 1141 1849 1210 sedi
1874 1165 1895 1208 1
1909 1165 1973 1208 o.
1998 1149 2187 1211 annis.
2274 1146 2555 1212 Sueceffit
2572 1147 2755 1211 Ead-

683 1227 900 1307 fridus,
945 1231 1052 1315 qui
1080 1228 1420 1294 restauravit
1463 1233 1792 1296 oratorium
1834 1233 2007 1298 Bedae
2032 1235 2093 1298 in
2128 1237 2315 1296 Fame
2341 1232 2551 1310 insula,
2599 1238 2752 1298 Fel-

730 1317 854 1382 ildo
883 1331 1027 1382 tunc
1071 1317 1291 1381 ibidem
1323 1315 1450 1402 post
1477 1315 1923 1383 Ethelwoldum
1950 1319 2011 1383 in
2037 1321 2157 1384 vita
2186 1315 2439 1385 solitaria
2482 1341 2749 1386 conver-

683 1339 866 1472 finte.
953 1406 1124 1469 Vixit
1153 1405 1214 1468 in
1240 1401 1501 1490 episcope
1534 1405 1853 1469 Eadfridus
1882 1425 1987 1487 24.
2018 1425 2225 1472 annos.

777 1491 1192 1556 Ethelwoldus
1220 1495 1552 1556 monachus
1598 1490 1998 1569 Mailrosenfi3‚
2040 1495 2187 1558 olim
2235 1493 2500 1559 minister
2526 1495 2739 1561 cuth-

684 1579 862 1656 berti,
905 1579 978 1643 fit
1003 1575 1307 1664 episcopus
1332 1577 1654 1644 Lindisfar:
1701 1581 1869 1643 Vixit
1895 1583 1957 1644 in
1987 1581 2243 1665 episcop:
2274 1601 2457 1646 annos
2494 1579 2592 1646 16.

678 1737 687 1745 .
769 1668 952 1732 Anno
977 1686 1119 1729 vero
1193 1711 1210 1730 .
1241 1665 1372 1748 post
1398 1669 1633 1732 obitum
1660 1668 1857 1744 Bedae,
1904 1667 2331 1752 Ceolwolphus
2356 1688 2464 1732 rex
2493 1669 2565 1731 fit
2596 1691 2735 1734 mo·

685 1754 914 1818 nachus
929 1686 1248 1816 Lindisf3m
1271 1751 1472 1816 sancio
1492 1755 1835 1818 Cuthberto
1861 1753 2163 1820 conferens
2185 1752 2479 1820 thesauros
2506 1759 2731 1840 regins.

686 1842 752 1905 ec
776 1856 956 1904 terras
981 1840 1056 1904 de
1084 1837 1391 1926 Bregesne,
1432 1843 1851 1905 Werkeworth
1880 1840 2055 1905 simul
2103 1844 2164 1905 &
2210 1843 2505 1907 ecclesiam
2536 1865 2729 1926 quam

687 1929 774 1993 ibi
817 1927 1230 2005 aedificaverat,
1281 1927 1681 2006 Wodecestre,
1726 1929 2129 2014 Witingbam,
2168 1930 2731 2016 Eadulphingham,

681 2016 1252 2102 ngolphingha‘m.

771 2103 1201 2184 Cinewolphus
1251 2100 1557 2188 episcopus
1592 2099 1914 2168 Lindisfarz
1960 2123 2073 2182 41.
2119 2125 2278 2170 anno
2324 2102 2413 2168 sui
2455 2102 2729 2189 episcop.

684 2187 846 2336 sensio
872 2187 1196 2254 'confestus
1223 2193 1379 2256 vices
1420 2189 1550 2255 suas
1598 2191 1901 2276 Higbaldo
1949 2191 2263 2277 delegavit,
2308 2194 2369 2256 8:
2421 2211 2481 2275 3.
2529 2213 2727 2257 annos

731 2296 770 2338 o
817 2293 884 2338 ea
910 2277 1079 2336 vixit.

685 2297 730 2361 p
773 2361 1105 2426 Eadbertus
1143 2381 1250 2425 rex
1299 2363 1696 2428 Northumbr=
1730 2367 1969 2429 nomine
1992 2366 2225 2432 virtutis
2268 2385 2511 2431 munera
2555 2361 2587 2429 ὲ
2620 2368 2723 2431 Pi·

683 2450 1921 2619 sszzs‘zffiffl’szssffl322222‘25232'?
1950 2451 2725 2623 ῑῖοὲἒέἓέἶρὲἲὲἶηῗᾝ

682 2627 744 2688 8ι
771 2622 952 2689 frater
969 2620 1107 2687 suus
1128 2624 1421 2689 Ecbertus
1449 2624 1921 2709 archiepiscopus
1950 2628 2133 2690 Ebot:
2162 2628 2267 2711 qui
2298 2646 2359 2710 3.
2388 2628 2554 2690 annis
2582 2642 2720 2693 ante

677 2712 847 2779 illum
873 2713 1122 2777 obierat.

765 2798 1096 2864 Elfwoldus
1139 2818 1244 2863 rex
1290 2800 1351 2864 6.
1396 2819 1554 2862 anno
1606 2795 1859 2884 episcop.
1902 2800 2179 2886 Higbaldi
2226 2800 2571 2866 interfectus
2624 2801 2717 2866 est

441 2886 807 2953 Scitlecestre
825 2890 1004 2970 juxta
1031 2908 1293 2951 murum.
1382 2885 1543 2969 apud
1566 2886 1956 2953 Scitelecestre
1978 2891 2150 2970 juxta
2174 2910 2433 2952 murum.
2500 2891 2715 2973 Sepul-

657 3018 696 3052 ,
1386 2988 1480 3036 tus
1502 2972 1585 3035 est
1604 2990 1800 3037 autem
1822 2978 1881 3039 in
1896 2974 2341 3059 Hagustaldenfi
2359 2976 2615 3039 ecclesia.
2680 3008 2685 3017 ·

435 3064 654 3126 Portus
685 3058 908 3124 chridi
937 3060 1094 3125 finus
1121 3062 1228 3143 qui
1265 3059 1301 3122 ὲ
1471 3062 1654 3124 Anno
1682 3060 1961 3145 sequente
2011 3064 2157 3126 dum
2204 3065 2416 3146 pagani
2464 3078 2711 3145 portum

353 3150 826 3216 TinaadGirwi
850 3162 1136 3231 penetrat.
1182 3150 1291 3210 Pe·
1378 3146 1606 3209 chridi
1657 3150 1830 3232 regis,
1872 3151 1987 3213 hoc
2034 3149 2119 3212 est
2164 3152 2357 3227 Girvi,
2417 3148 2714 3213 vastantes

349 3238 621 3302 netrabat
645 3240 706 3299 8c
733 3238 978 3299 interius
1003 3232 1189 3316 usque
1215 3234 1294 3297 ad
1379 3234 1791 3299 monasterium
1818 3237 1893 3300 ad
1946 3236 2159 3301 ostium
2190 3239 2336 3301 Tini
2386 3239 2570 3300 amnis
2603 3238 2713 3301 de·
2820 3302 2826 3307 ,

345 3327 572 3400 Bilton,
608 3344 755 3407 pene
773 3342 832 3405 3.
879 3318 996 3404 pas.
1031 3321 1293 3384 millibus
1381 3320 1801 3404 praedarentur,
1836 3326 1964 3389 dux
1992 3344 2200 3387 eorum
2228 3324 2447 3388 ibidem
2478 3325 2711 3389 crudeli
2843 3318 2853 3329 ’

345 3411 876 3496 superGirwi,quo
891 3410 1290 3491 antiquitus&
1376 3429 1521 3471 nece
1548 3411 1784 3472 interiit.
2388 3412 2391 3422 '

341 3500 628 3564 naviculae
647 3510 1054 3581 pervenerunt.
1087 3495 1289 3558 Fluvi-
1465 3496 1689 3558 Eodem
1715 3512 1976 3579 tempore
1992 3496 2346 3582 depopulata
2372 3495 2455 3562 est
2468 3496 2711 3562 ecclesia

343 3587 478 3651 olus
506 3588 668 3651 hunc
697 3583 884 3648 finum
915 3584 1116 3647 intrat.
1375 3581 1699 3645 Lindisfar=
2653 3587 2661 3595 “

755 3669 1090 3755 Higbaldus
1117 3668 1368 3753 expletis
1397 3672 1460 3733 in
1487 3670 1831 3753 pontificatu
1852 3668 2173 3735 Lindisfar=
2204 3673 2366 3735 annis
2396 3688 2497 3737 22.
2530 3672 2704 3749 obiit,

664 3758 765 3823 cui
791 3755 1048 3821 succeffit
1075 3754 1389 3820 EcbertuS.

755 3841 1048 3907 Ecbertus
1079 3842 1206 3925 post
1234 3843 1435 3907 decem
1485 3844 1546 3905 &
1587 3841 1729 3906 ocio
1776 3864 1955 3908 annos
2002 3846 2063 3908 in
2090 3845 2345 3930 episcop:
2376 3844 2705 3928 completos

662 3930 836 4007 obiit,
880 3934 980 3994 cui
1009 3928 1265 3994 succeffit
1293 3930 1652 3994 HatureduS.

753 4018 1101 4081 Hathuredo
1123 4016 1251 4101 post
1273 4037 1483 4081 novem
1512 4036 1694 4080 annos
1722 4032 1961 4081 mortuo
1980 4016 2238 4098 successit
2262 4019 2530 4099 Egredus
2560 4033 2701 4084 220.

663 4124 820 4168 anno
849 4104 1104 4169 Eanredi
1153 4107 1323 4190 τρεῖς.
1415 4108 1532 4168 Hic
1580 4104 1877 4168 ecclesiam
1932 4108 1993 4170 S.
2042 4106 2363 4168 Cuthberti
2412 4108 2585 4167 rebus
2638 4108 2703 4169 8<

663 4195 834 4265 terris
861 4194 1216 4280 locupletare
1239 4190 1482 4259 studuit.
1570 4194 1644 4257 ln
1662 4194 1931 4257 Norham
1957 4190 2254 4261 ecclesiam
2282 4192 2603 4341 εοειίὶτὲκῑῑ
2634 4194 2701 4255 in

2516 4298 2702 4343 onore
