2975 4800
377 138 517 217 {eoo
1053 135 1647 214 JOANNIS
1736 128 2367 201 LELANDI

809 292 941 371 Ego
965 306 1130 362 vern,
1191 286 1513 353 secundum
1558 286 1803 352 modum
1848 289 2127 373 ingenioli
2170 294 2308 363 mei,
2372 290 2537 395 apud
2576 292 2785 357 servos

717 374 940 441 vestros
965 378 1032 439 in
1054 376 1146 439 his
1175 375 1444 459 partibus
1461 370 1741 439 seminare
1760 374 2053 460 sapientiae
2072 398 2253 461 grana
2270 376 2458 463 seg-ms
2485 398 2611 441 non
2634 400 2777 447 erc.

809 462 1004 525 Multa
1020 460 1372 526 florentibus
1401 482 1509 545 per
1534 476 1767 527 aetatem
1795 462 1999 527 studiis
2028 460 2303 527 seminavi
2348 469 2407 529 in
2430 469 2781 531 Britannia.

723 550 904 613 Nunc
951 570 1099 635 ergo
1123 546 1475 631 frigescente
1517 548 1794 635 sanguine
1820 548 1985 635 quasi
2015 548 2248 636 vespere
2291 554 2352 616 in
2391 554 2647 618 Francia
2690 552 2783 619 se·

723 638 948 701 minare
971 656 1092 703 non
1117 636 1287 703 celso.

1122 774 1222 833 Ex
1249 772 1451 835 altera
1479 768 1676 833 Albini
1714 766 1937 851 epistola
1977 766 2061 831 ad
2093 769 2349 833 eundem.

811 883 1032 947 Nonne
1053 884 1330 945 Romana
1353 883 1414 945 in
1438 878 1589 954 sede,
1634 879 1740 943 ubi
1771 879 1977 963 religio
2003 882 2279 945 maximae
2308 882 2541 961 pietatis
2568 904 2783 968 quon·

727 968 872 1032 dam
893 969 1207 1043 claruerat,
1239 970 1324 1033 ibi
1343 986 1605 1032 extrema
1634 968 2034 1049 impietatibus
2058 968 2330 1050 exempla
2356 967 2728 1035 emerserunt
2752 978 2780 1035 ἓ

730 1052 850 1138 Ipsi
891 1055 1167 1121 cordibus
1205 1055 1324 1119 suia
1361 1070 1807 1119 excaecaverunt
1848 1070 2030 1137 mput
2086 1056 2415 1137 proprium.
2506 1059 2641 1123 Nec
2688 1062 2783 1124 ibi

731 1142 910 1207 timor
937 1142 1058 1220 dei,
1101 1162 1207 1207 nec
1233 1140 1534 1229 sapientia,
1562 1162 1689 1215 ,nec
1715 1142 1967 1205 charitas
1992 1142 2105 1205 effe
2136 1142 2391 1207 videtur.

1053 1270 1158 1331 Ex
1180 1263 1302 1329 alia
1326 1264 1523 1331 Albini
1548 1262 1631 1329 ad
1660 1263 1893 1345 eundem
1920 1262 2183 1333 Carolum
2219 1265 2463 1347 epistola.

735 1380 743 1391 '
821 1368 1140 1433 chartulas
1189 1388 1330 1433 vero
1373 1366 1773 1433 calculationis
1816 1364 2018 1432 cursus
2068 1366 2306 1444 lunaria,
2352 1370 2445 1433 vel
2484 1366 2789 1441 bisextilis

735 1458 999 1532 tationis,
1043 1475 1194 1541 quas
1223 1455 1436 1522 nostrae
1463 1456 1764 1520 devotioni
1792 1452 2106 1519 tradidistis
2132 1454 2546 1538 explorandas·

817 1544 1156 1607 Invenimus
1195 1566 1340 1628 ergo
1365 1545 1426 1606 in
1453 1543 1537 1605 eis
1580 1536 1833 1607 rationes
1860 1540 2292 1627 diligentissime
2320 1544 2663 1629 exquifitaS,
2714 1568 2787 1609 a·

725 1630 1011 1695 cutiffime
1037 1632 1325 1705 inventas,
1371 1630 1717 1693 nobiliffime
1746 1632 2040 1713 prolatas:
2100 1630 2161 1691 8:
2211 1632 2381 1713 quod
2428 1634 2491 1695 in
2542 1654 2621 1695 eo
2670 1634 2785 1697 de-

729 1720 896 1783 votio
921 1718 1064 1781 olim
1094 1717 1168 1781 de
1197 1716 1456 1781 Biffexto
1497 1718 1697 1797 paucis
1748 1717 2047 1779 inchoavit
2094 1718 2445 1783 ratiunculis
2472 1718 2663 1784 vestra
2690 1720 2789 1785 sa·

729 1802 1021 1891 gacissima
1051 1804 1352 1887 indagatio
1371 1801 1605 1888 copiose
1634 1802 1971 1887 complevit.

821 1895 1030 1956 Direxi
1061 1894 1424 1957 excellentiae
1461 1891 1665 1955 veflrae
1694 1890 1915 1954 stamen
1936 1892 2309 1975 quarundam
2338 1908 2367 1940 a
2396 1889 2789 1977 supputatio·

785 2007 821 2039 Ἡ

739 2080 880 2122 nem
908 2058 982 2120 de
1009 2054 1140 2119 solis
1188 2058 1463 2141 lunaeque
1510 2076 1612 2141 per
1658 2054 2001 2139 figniferum
2042 2052 2067 2103 ὅ
2110 2054 2322 2121 cursu:
2391 2058 2488 2120 cui
2530 2056 2575 2121 st
2604 2056 2791 2123 vestri

739 2144 964 2208 acutiss:
995 2140 1190 2207 sensus
1213 2146 1450 2225 ingenio
1463 2145 1811 2227 subtegmen
1838 2144 2055 2206 addere
2076 2142 2383 2225 placuerit,
2412 2144 2565 2207 forte
2582 2149 2793 2228 pueris

741 2230 1018 2295 Palatinis
1040 2247 1246 2292 contra
1273 2230 1460 2314 frigus
1492 2231 1803 2315 imperitiae
1824 2230 2071 2312 aliquod
2086 2230 2407 2295 vestimenti
2436 2250 2627 2314 genus
2658 2235 2792 2297 texi

741 2319 978 2400 poterit,
1028 2315 1176 2379 ficut
1223 2318 1285 2379 in
1315 2320 1529 2401 prioris
1581 2334 1833 2381 texturae
1871 2336 2020 2381 meae
2066 2320 2248 2381 etiam
2288 2318 2666 2383 ordinatione
2695 2318 2793 2383 fe·

737 2405 872 2468 cisse
897 2403 1258 2488 probaverim

406 2507 518 2574 rag.
543 2521 654 2567 574·
741 2532 752 2541 -
915 2490 1127 2552 Vivere
1155 2511 1250 2554 me
1279 2493 1444 2556 terris
1471 2493 1571 2556 vix
1598 2493 1703 2557 vix
1733 2491 1866 2556 finit
1892 2492 2161 2576 improba
2188 2489 2391 2556 febris·

914 2574 1201 2660 Descripfi
1233 2581 1432 2663 paucis
1471 2596 1669 2663 partes
1696 2580 1756 2643 δε
1783 2577 1983 2663 sydera
2010 2581 2169 2646 coeli.

1061 2709 1164 2772 Ex'
1186 2709 1308 2772 alia
1331 2709 1527 2773 Albini
1554 2709 1639 2774 ad
1655 2707 1889 2774 eundem
1917 2707 2177 2773 carolum
2201 2707 2448 2790 ebssola.

825 2821 956 2883 Nec
1005 2841 1038 2882 e
1079 2839 1121 2882 o
1164 2821 1372 2902 capitis
1413 2816 1619 2892 dolore
1656 2817 1941 2902 fatigatus
1982 2817 2321 2883 examinare
2367 2817 2599 2902 poss'um
2648 2834 2797 2904 quae

743 2901 945 2972 subito
973 2927 1040 2970 ca
1068 2927 1106 2968 u
1134 2925 1212 2968 ex
1239 2927 1342 2970 ore
1373 2905 1647 2969 dictantis
1673 2906 1929 2970 evolant.

833 2990 1312 3076 Disputationem
1339 2994 1544 3074 itaque
1574 2994 1783 3056 Felicis
1814 3011 1955 3056 cum
2006 2995 2297 3055 saraceno
2348 3009 2461 3054 nec
2490 2991 2637 3069 vidi,
2681 3013 2799 3058 nec

745 3079 907 3159 apud
963 3099 1070 3142 nos
1115 3081 1348 3143 inventa
1391 3079 1498 3155 est,
1543 3080 1735 3143 immo
1780 3097 1888 3142 nec
1926 3078 2128 3142 audivi
2178 3099 2400 3143 nomen
2442 3079 2574 3158 ejus
2625 3095 2793 3143 ante.

747 3167 982 3228 Tamen
1013 3166 1166 3227 dum
1192 3166 1531 3248 diligentius
1558 3163 1823 3250 qnaefivk
1866 3163 1908 3228 fi
1939 3166 2075 3251 quis
2101 3183 2182 3228 ex
2200 3164 2433 3248 ‘nostris
2461 3163 2687 3230 faulam
2718 3168 2795 3230 il-

749 3250 866 3314 lius
895 3251 1161 3325 audisset,
1208 3252 1442 3316 dicium
1466 3250 1550 3317 est
1578 3252 1744 3328 mihi,
1773 3253 1945 3336 quod
1970 3251 2136 3337 apud
2164 3251 2530 3318 Laidradum
2561 3251 2793 3340 episco-

752 3356 900 3421 pum
929 3335 1386 3422 Lugdunensem
1416 3339 1663 3404 inveniri
1692 3339 1988 3426 potuisset.

743 3465 746 3468 ·
1856 3443 1912 3492 ·i.
1934 3459 1975 3492 e.
2008 3444 2236 3495 Cat-olum
2262 3459 2509 3512 magnum.

1183 3515 1282 3577 Ex
1307 3509 1533 3592 epistola
1554 3509 1752 3580 Albini
1774 3509 1860 3574 ad
1882 3511 2098 3575 David
2116 3531 2330 3597 regem.

414 3625 502 3676 Per
521 3619 675 3672 David
837 3621 1034 3680 Roma
1059 3635 1222 3694 vero,
1266 3637 1404 3701 quae
1425 3614 1679 3681 fraterna
1714 3613 2007 3682 discordia
2032 3617 2094 3681 in
2122 3619 2362 3684 civitate
2402 3617 2650 3684 inlitum
2676 3617 2802 3686 dis-

411 3689 668 3802 ffiffifnm
751 3701 1025 3768 sentionis
1050 3723 1344 3767 venenum
1370 3705 1488 3767 huc
1536 3701 1723 3786 usque
1764 3719 1965 3768 tenere
2004 3723 2124 3768 non
2152 3705 2347 3782 cessat,
2390 3703 2593 3770 vestrae
2624 3727 2801 3771 vene·

410 3831 464 3868 re
521 3833 590 3876 m,
637 3827 694 3863 ut
755 3791 952 3854 randae
983 3792 1216 3872 pietatis
1245 3791 1568 3874 potentiam
1609 3791 1685 3852 ad
1732 3791 1909 3871 hujus
1938 3792 2120 3876 partis
2161 3790 2631 3876 cognoscendam
2664 3815 2803 3879 per·

413 3881 474 3960 ‚ali
509 3881 680 3958 ifagtit.
753 3879 956 3941 nitiem
985 3875 1022 3939 ὲ
1049 3877 1326 3941 dulcibus
1353 3877 1696 3941 Germaniae
1718 3874 1953 3942 sedibus
1974 3875 2241 3942 festinare
2261 3881 2606 3966 compellat.

412 3947 658 4012 mtefflgnt.
757 4011 762 4016 “
1080 4007 1181 4066 Ex
1216 4003 1439 4092 epistola
1478 4003 1676 4070 Albini
1705 4002 1789 4068 ad
1816 4003 2109 4071 monachos
2138 4009 2465 4070 Gottor‘tem.

411 4109 695 4175 Hispanicus
836 4117 1038 4185 Novas
1065 4131 1226 4197 vero,
1255 4111 1472 4181 fratres
1495 4113 1723 4180 chariss':
1754 4113 1871 4180 His
1862 4115 2056 4200 panici
2082 4117 2296 4184 erroris
2324 4113 2507 4186 festas
2534 4133 2760 4190 cavete.

413 4191 560 4228 “¹⁴⁰⁸
1443 4231 1472 4266 a
1506 4217 1595 4274 Sic,
1692 4215 1718 4267 b
1753 4215 1953 4274 Cursum
1987 4214 2110 4270 MS.
2660 4247 2671 4258 ·
2698 4288 2761 4358 ε

1657 4308 1664 4315 ’
2760 4305 2811 4352 x
