2975 4800
367 209 1082 301 ANTIQUARII
1167 207 2013 282 COLLEcTANEA.
2446 229 2579 298 309

287 345 462 406 Anno
481 347 564 406 D.
599 364 622 406 ι
642 345 800 426 388.
829 343 1134 406 Robertus
1153 341 1404 424 Knollys
1429 361 1513 404 ε·
1656 341 1955 406 Robertus
1980 337 2231 420 Knollys
2254 335 2587 405 construxit

211 431 460 582 {dicavit
485 434 548 494 &
573 429 849 496 construi
898 428 1044 494 fecit
1093 445 1334 513 pontem
1371 433 1507 494 Ro·
1650 445 1890 514 pontem
1918 424 2258 496 Rofensem.

321 537 434 580 em.

285 609 461 670 Anno
477 607 562 670 D.
597 625 624 669 ι
645 604 797 690 396.
827 604 1056 668 facium
1079 603 1161 668 est
1181 605 1511 688 parlamen-

213 705 328 756 tum
347 695 678 758 Londonii.
771 698 842 756 In
863 693 978 756 hoc
997 693 1366 776 parlamento
1377 693 1506 756 dux
1526 691 1882 756 Lancastriae
1902 693 2071 773 petiit
2090 690 2255 775 quod
2278 697 2373 762 'U

217 779 362 844 filins
377 778 520 844 suns
559 781 1258 864 Hearicnqjudicaretnr
1287 781 1456 844 heres
1483 783 1654 864 regni
1678 778 1951 864 Angliae=
1990 782 2087 842 cul
2112 797 2257 843 con-

217 868 442 930 mdixit
467 890 680 932 comes
709 869 1015 943 Marchiae,
1065 869 1310 930 afferens
1341 865 1396 930 se
1419 867 1769 932 descendisse
1794 869 1831 930 a
1858 867 2142 930 Leonello
2168 863 2255 933 se·

211 955 398 1018 cundo
424 955 558 1018 filio
591 955 892 1020 Edwardi
943 957 1118 1039 regis.
1206 959 1256 1018 E
1303 958 1603 1019 contrario
1632 956 1759 1018 dux
1799 954 2037 1017 dicebat
2086 955 2257 1037 quod

213 1061 310 1104 rex
339 1045 638 1106 Henrieus
671 1064 732 1128 3.
781 1044 930 1105 duos
977 1043 1189 1105 habuit
1217 1043 1396 1117 filios,
1443 1043 1839 1106 Edmundum
1868 1041 2152 1106 seniorem
2196 1041 2259 1104 &

214 1149 712 1280 wizzi&
721 1131 1599 1300 Ῠεῗὲῗέἑῗεῖἵὸέἷέέῑῗῒῖεἳ
1628 1131 1909 1300 ξάἑῖῗέηῗ
1918 1131 2053 1280 ”12:1³
2050 1127 2259 1301 {5331

211 1303 284 1364 ad
309 1323 604 1368 effutiam
635 1331 654 1380 ς
699 1325 885 1390 quare
917 1323 1082 1386 pater
1129 1323 1334 1367 eornm
1387 1305 1464 1370 sic
1498 1303 1651 1388 ipsos
1700 1325 2053 1387 componere
2088 1303 2255 1379 fecit,

209 1392 366 1472 quod
397 1391 750 1456 Edwardus
782 1407 1073 1474 regnaret,
1119 1395 1178 1455 8:
1203 1391 1332 1475 post
1361 1413 1499 1454 eum
1530 1393 1773 1456 heredes
1804 1393 2105 1456 Edmundi
2132 1418 2147 1454 ε
2196 1395 2259 1456 &

213 1477 368 1540 dedit
399 1480 736 1544 Edmundo
783 1481 988 1542 comit:
1021 1479 1398 1554 Lancastriae,
1445 1483 1505 1543 &
1534 1483 1613 1543 ab
1638 1501 1713 1544 eo
1750 1477 2046 1542 descendit
2091 1483 2255 1543 Hen-

213 1565 362 1628 ἠως
393 1567 560 1630 filius
589 1569 916 1649 ejuS‚Jn1-e
966 1569 1174 1630 matris
1217 1587 1354 1650 quae
1399 1566 1515 1630 fuit
1560 1568 1680 1630 filia
1728 1568 1874 1630 dieii
1928 1567 2259 1632 Edmundi.

213 1655 324 1714 Cui
347 1652 656 1738 respondit
679 1673 874 1718 comes
889 1651 1092 1716 dicens
1110 1655 1226 1718 hoc
1243 1677 1362 1718 non
1385 1655 1497 1718 effe
1512 1677 1713 1719 verum
1733 1680 1753 1731 ς
1798 1653 1896 1717 sed
1922 1655 2263 1720 Edwardus

213 1736 326 1802 fuit
347 1746 810 1828 primogenitus,
859 1741 918 1801 81
943 1741 1290 1806 Edmundus
1309 1748 1398 1806 vir
1417 1743 1736 1828 elegantissz
1768 1759 1915 1816 erat,
1962 1743 2023 1804 &
2050 1744 2267 1806 nobilis

215 1827 396 1976 aila,
447 1847 638 1914 prout
667 1843 832 1914 patet
873 1829 938 1890 in
989 1829 1318 1894 chronicis.
1417 1835 1561 1896 Rex·
1598 1847 1803 1894 autem
1850 1827 2128 1914 imposuit
2174 1833 2263 1894 eis

281 1933 532 1980 entium·

299 2007 446 2066 Item
479 2009 538 2068 in
569 2007 692 2070 hoc
723 2005 1110 2088 parliamento
1131 2005 1258 2068 dux
1283 2003 1644 2068 Lancastriae
1687 2005 1859 2088 petiit
1898 2023 2097 2086 regem
2121 2001 2269 2066 dare

221 2085 320 2152 fibi
363 2093 656 2156 ducatum
707 2095 1048 2176 Aquitaniae
1099 2089 1208 2155 sub
1249 2111 1411 2156 certa
1457 2111 1655 2155 annua
1698 2091 1993 2175 pensione,
2038 2094 2097 2154 δε
2140 2089 2264 2174 ipse

223 2197 328 2259 pro
357 2181 510 2262 posse
543 2197 740 2244 totum
785 2185 1137 2264 acquireret,
1183 2179 1332 2243 ficut
1377 2201 1490 2244 rex
1509 2182 1713 2242 Franc:
1744 2179 1909 2240 dedit
1938 2179 2103 2242 illum
2134 2182 2263 2242 cui-

223 2265 354 2326 dam
387 2269 582 2340 unviti,
628 2267 738 2330 sub
757 2270 966 2332 eadem
995 2268 1355 2332 conditione.
1451 2269 1563 2329 Sed
1584 2269 1827 2330 comites
1844 2263 1919 2328 de
1936 2265 2261 2344 Glocester,

225 2355 506 2429 Arundcl,
555 2359 618 2419 δι
643 2359 920 2421 Warwik
947 2355 1462 2421 contradixerunt.
2244 2379 2249 2388 ·

303 2444 466 2506 Obiit
495 2448 674 2507 Anna
715 2448 918 2528 regina
961 2446 1141 2527 Angit
1192 2443 1250 2506 in
1285 2446 1547 2507 manerio
1594 2444 1668 2506 de
1714 2444 1930 2520 Shene,
1988 2444 2049 2507 &
2098 2442 2261 2529 apud
2288 2445 2398 2511 1⁷²3·
2424 2448 2535 2507 384-

227 2526 628 2595 Westminster
657 2530 888 2614 sepulta
928 2530 1010 2594 est
1039 2552 1199 2595 anno
1249 2538 1342 2595 18.
1383 2532 1665 2594 Richardi
1698 2529 1779 2596 2³.

307 2622 480 2682 Anno
505 2624 589 2683 D.
629 2640 650 2679 ι
671 2640 820 2700 397.
867 2622 1202 2682 Richardus
1241 2620 1414 2681 duxit
1443 2622 1503 2681 in
1534 2638 1781 2681 uxorem
1809 2616 2119 2681 Isabellam
2145 2617 2263 2681 vir-

227 2702 414 2784 ginem
445 2728 506 2789 9.
555 2726 876 2781 annorum,
931 2706 1119 2769 filiam
1149 2708 1304 2789 regis
1329 2710 1543 2769 Franc.

309 2792 797 2877 ,archiepiscopus
847 2798 1140 2859 Cantuar:
1198 2796 1433 2856 nomine
1471 2792 1744 2857 Arnudel
1796 2790 2041 2855 fratrem
2094 2789 2263 2856 suum

229 2884 494 2943 comitem
523 2884 798 2945 Arundel
840 2884 920 2944 ad
971 2902 1166 2964 regem
1199 2880 1448 2944 deduxit
1475 2906 1490 2942 ε
1562 2882 1659 2943 cui
1690 2880 2127 2963 archiepiscopo
2158 2900 2262 2947 rex

229 2962 584 3031 securitatem
611 2970 872 3051 praestitit
897 2990 1004 3051 pro
1025 2970 1238 3033 comite
1263 2967 1432 3055 super
1458 2990 1676 3051 corpus
1700 2968 1917 3030 Christi
1938 2968 2222 3048 jurando.

309 3060 520 3119 Comes
555 3056 754 3137 postea
785 3078 922 3139 rege
951 3057 1288 3119 clanculum
1329 3056 1577 3137 jubente
1604 3056 1847 3119 inimico
1878 3053 1981 3118 suo
2012 3056 2271 3119 traditur
2338 3056 2343 3059 ’

231 3142 666 3206 Custodicndus
695 3148 756 3207 in
787 3142 976 3207 insula
1005 3146 1080 3206 de
1105 3144 1338 3229 Wight.

313 3232 484 3293 Dixit
525 3252 634 3295 rex
673 3231 1012 3295 Richardus
1053 3232 1192 3295 duci
1228 3229 1590 3307 Glocessriae,
1654 3236 1697 3267 ‘⁸
1731 3232 1865 3314 Ego
1900 3246 1957 3293 te
1986 3226 2271 3294 arrest0.”

232 3318 338 3379 Cui
369 3320 534 3382 dux:
605 3330 648 3355 ‘⁸
677 3318 954 3383 Gratiose
981 3321 1172 3403 agatis
1201 3340 1429 3381 mecum
1475 3316 1759 3381 salvando
1785 3318 1967 3380 vitam
2009 3320 2269 3382 meam.”

231 3408 342 3467 Cui
371 3426 478 3469 rex
497 3431 516 3467 ε
568 3416 610 3441 “
647 3406 820 3469 Illam
843 3408 1096 3490 gratiam
1119 3406 1366 3469 habebis
1395 3426 1577 3489 quam
1606 3404 1911 3486 praessitissi
1941 3408 2165 3470 Simoni
2190 3406 2267 3467 de

233 3502 272 3527 ‘⁸
315 3497 532 3576 Butley
551 3515 692 3556 cum
723 3496 927 3581 regina
955 3512 1154 3557 coram
1186 3510 1244 3557 te
1271 3492 1549 3558 fleCierat.
1598 3497 1789 3576 Legas
1819 3493 1986 3567 ista,”
2031 3492 2269 3559 tradens

231 3578 566 3643 schedulam
597 3580 988 3645 accusationis
1019 3582 1157 3644 suae.
1248 3584 1366 3644 Cui
1411 3582 1582 3643 dux=
1650 3590 1693 3617 ‘⁸
1724 3581 1823 3643 Ad
1873 3581 1981 3644 ista
2029 3582 2266 3663 respon-

233 3676 274 3703 ‘⁸
319 3668 654 3732 debitum?
743 3672 888 3733 Dux
917 3688 1060 3731 vero
1109 3670 1362 3732 traditus
1391 3668 1474 3731 est
1503 3669 1709 3731 comiti
1761 3670 1839 3731 de
1864 3669 2265 3751 Notingham,

227 3758 330 3839 qui
365 3776 501 3819 eum
529 3756 822 3819 Calefiam
855 3756 914 3818 in
943 3758 1266 3819 custodiam
1304 3758 1605 3835 perduxit.

309 3846 458 3991 ΡΨ(
499 3848 744 3929 propria
783 3864 965 3907 manu
1011 3842 1230 3928 scripsit
1273 3840 1615 3927 responsum
1666 3842 1746 3905 ad
1788 3839 2129 3905 schedulam
2166 3864 2265 3907 ac·

235 3950 304 3991 cu
329 3950 564 3995 attoms.

313 4022 590 4103 Cumque
619 4016 922 4103 responsio
949 4021 1072 4103 regi
1123 4040 1246 4083 non
1291 4018 1570 4103 placeret,
1617 4018 1924 4080 mandavit
1952 4014 2061 4081 sub
2100 4038 2273 4102 poena

235 4108 436 4169 mot-tis
461 4110 668 4171 comiti
687 4112 764 4171 de
789 4110 1184 4191 Notingbam,
1229 4106 1394 4188 qnod
1421 4105 1613 4189 ipsum
1640 4108 1958 4168 occideret.
2048 4110 2125 4169 Et
2153 4104 2275 4189 ipse

237 4194 452 4259 nnfiit
501 4196 578 4258 ad
624 4194 942 4269 Calefiam,
1017 4197 1076 4257 &
1123 4194 1346 4259 ibidem
1392 4192 1609 4257 famuli
1652 4195 1887 4255 comitis
1931 4214 2069 4256 cum
2113 4194 2275 4257 lecto

235 4280 474 4365 plumali
511 4280 686 4371 super
715 4284 940 4350 ducem
990 4282 1184 4369 posito
1212 4280 1405 4369 ipsum
1445 4281 1699 4347 viriliter
1734 4278 2123 4355 suffocabant,
2168 4300 2273 4426 olc-

2117 4384 2193 4429 cu
2224 4380 2281 4428 te

1644 561 2083 646 competitores
2112 559 2277 644 regni
2306 559 2495 646 Angit
