2975 4800
363 198 420 295 ’4
428 182 514 280 π”ὁ

381 1414 500 1483 hg.
520 1420 578 1464 61
587 1433 634 1468 ο.

1007 212 2343 296 JOANNISLELANDI

795 360 930 421 Rex
960 358 1255 421 Henricus
1287 374 1348 439 3.
1399 353 1902 445 vehementissime
1950 350 2207 419 indoluit
2232 354 2311 419 de
2350 368 2549 422 morte
2590 354 2769 423 Gale

707 442 1050 510 Marescaui.
1736 472 1755 491 κ

799 528 1288 613 Archiepiscopus
1335 532 1623 593 Cantuar:
1676 529 1934 611 graviter
1977 529 2103 611 regi
2140 526 2498 612 conquestus
2542 530 2633 595 est
2672 530 2765 599 de

711 619 988 683 Huberto
1015 620 1088 681 de
1123 622 1344 701 Burgo,
1391 618 1558 699 quod
1588 614 1886 677 castellum
1916 616 1991 677 de
2022 619 2411 700 Tunebruge‚
2456 620 2627 701 quod
2658 616 2767 681 sui

710 708 853 791 juris
883 720 1027 780 erat,
1073 722 1312 767 mortuo
1339 704 1617 767 Gilberto
1646 702 1721 765 de
1751 702 1925 765 Clare
1972 704 2187 767 comite
2233 703 2527 768 Glovern:
2574 706 2761 769 inva-

715 793 862 857 serat
893 796 1131 856 nomine
1159 794 1332 874 regiS.

803 882 934 945 Hoc
963 894 1076 941 tem
1087 899 1224 961 pore
1245 896 1452 941 terram
1473 877 1621 941 Gul:
1644 875 1716 939 de
1738 874 1971 937 Brausia
1990 872 2358 941 vastaverunt
2382 877 2707 942 Wallenses
2724 903 2755 958 3

711 962 808 1029 sed
841 967 1149 1027 accedente
1177 986 1250 1027 eo
1292 986 1431 1047 rege
1481 963 1783 1046 fugerunt.
1874 967 2010 1027 Rex
2034 984 2179 1049 ergo
2222 966 2305 1029 ibi
2334 966 2579 1049 reliquit
2608 970 2747 1030 Hu-

703 1052 944 1116 bertum
968 1054 1042 1113 de
1067 1055 1266 1135 Burgo
1293 1051 1686 1132 Justiciarium
1718 1049 1911 1113 suum.

801 1143 986 1203 Tunc
1014 1140 1219 1201 reversi
1251 1136 1384 1201 suut
1415 1135 1756 1213 wallenses»,
1804 1138 1865 1199 &
1896 1152 2091 1219 partes
2111 1137 2263 1201 circa
2292 1153 2570 1201 montem
2606 1144 2744 1205 Go-

713 1229 997 1291 mericum
1025 1224 1431 1289 vastaveruntt
1489 1224 1585 1289 sed
1616 1225 1853 1288 tandem
1882 1222 1918 1285 ὲ
1946 1224 2235 1289 militibus
2260 1226 2485 1290 Montis
2514 1228 2750 1293 Gome-

716 1316 819 1376 rici
854 1315 1006 1376 male
1035 1312 1267 1375 multati
1298 1310 1451 1375 sunt.
2562 1342 2597 1359 ν

802 1400 1136 1463 Richardus
1164 1396 1629 1482 archiepiscopus
1648 1402 1930 1463 Cantuar:
1962 1402 2169 1474 Romae
2187 1418 2385 1461 coram
2416 1414 2586 1481 pont:
2621 1401 2747 1464 Ro:

707 1485 1172 1569 conquestusest
1203 1487 1276 1547 de
1303 1488 1573 1549 Huberto
1598 1487 1673 1549 de
1698 1491 1921 1569 Burg0.
2008 1490 2168 1549 Inter
2209 1487 2319 1548 alia
2360 1487 2435 1548 de
2460 1488 2741 1549 Hubeito

707 1572 1010 1659 proposuit
1033 1576 1194 1657 quod
1221 1574 1429 1637 habuit
1459 1594 1727 1647 uxorem,
1772 1574 1941 1655 cujus
1969 1570 2338 1658 sanguineam
2358 1576 2525 1657 prius
2546 1573 2744 1637 habu·

707 1682 832 1725 erat
865 1663 1239 1725 matrimonio
1269 1660 1374 1722 fibi
1401 1660 1756 1742 copulatam.

799 1750 927 1813 mis
970 1750 1332 1829 temporibus
1363 1768 1467 1809 rex
1496 1749 1781 1809 Henricus
1832 1743 1970 1809 fecit
2018 1744 2315 1809 castellum
2346 1746 2613 1811 Matildis
2644 1768 2739 1813 re·

711 1836 1010 1899 aedificare
1033 1838 1092 1899 in
1115 1833 1328 1897 Wallia
1355 1834 1431 1896 de
1463 1833 1649 1917 lapide
1680 1836 1740 1895 &
1768 1850 2035 1897 cemento
2074 1834 2392 1917 eleganter,
2439 1834 2607 1917 quod
2658 1834 2741 1899 ab

707 1923 1105 1989 Walleufibus
1133 1921 1272 1985 olim
1300 1919 1654 2005 prostratum
1668 1916 1899 1983 fuerat:
1946 1937 2127 2003 atque
2153 1924 2380 2003 magnis
2400 1919 2743 2004 sumptibus

709 2030 852 2074 cum
907 2032 1058 2093 opus
1103 2007 1294 2072 fuisset
1343 2007 1591 2072 feliciter
1642 2006 2113 2070 consummatum
2156 2004 2349 2089 posuit
2403 2010 2465 2070 in
2516 2029 2591 2071 eo
2634 2028 2745 2073 rex

709 2099 924 2164 milites
955 2100 1012 2159 &
1040 2097 1302 2177 clientes,
1343 2098 1452 2179 qui
1479 2094 1811 2159 invasiones
1834 2093 2215 2157 Wallenfium
2246 2092 2627 2158 refrenarent.

797 2186 1079 2247 Henricus
1109 2204 1214 2245 rex
1243 2184 1627 2262 Ranulphum
1656 2202 1790 2263 cog:
1824 2182 2121 2244 Britonem
2163 2201 2413 2245 camerae
2440 2178 2557 2245 suae
2607 2182 2739 2253 the-

711 2264 1032 2333 ssurarium
1068 2271 1313 2351 pecunia
1342 2272 1667 2331 multatum
1692 2266 1978 2331 funxione
2006 2269 2193 2331 exuit.

801 2358 978 2419 Anno
1007 2360 1087 2419 D.
1128 2374 1200 2420 12
1213 2373 1312 2437 32.
1355 2358 1643 2419 Henricus
1687 2376 1815 2428 rex,
1860 2354 2101 2417 consilio
2129 2355 2289 2420 Petri
2330 2352 2406 2416 de
2432 2354 2743 2439 Rupibus,

716 2445 1060 2509 Hubertum
1087 2443 1159 2504 de
1193 2448 1395 2525 Burgo
1423 2441 1621 2506 officio
1652 2444 1827 2525 primi
1854 2441 2165 2522 justiciarii
2208 2443 2477 2526 privavit.

813 2530 1136 2610 Objestum
1184 2529 1466 2594 Huberto
1499 2531 1575 2592 de
1623 2531 1819 2613 Burgo
1872 2531 2021 2591 inter
2074 2532 2188 2592 alia
2224 2532 2425 2612 gravia
2468 2529 2747 2607 crimina,

717 2619 882 2702 quod
927 2617 1078 2681 Gula
1125 2613 1433 2700 Longespe
1471 2617 1749 2679 comitem
1794 2618 2094 2679 Sarum&
2136 2617 2285 2678 Gula
2324 2612 2744 2682 Marescallum

713 2725 942 2770 veneno
967 2705 1164 2768 necari
1203 2719 1631 2786 procuraverat.

797 2793 1149 2876 Radulphus
1169 2791 1472 2874 episcopus
1493 2787 1870 2853 Cicestrensns
1892 2789 2271 2854 cancellarius
2300 2791 2543 2854 Henrici
2568 2811 2630 2875 3.
2647 2791 2740 2858 vit

611 2868 623 2916 ·’
699 2879 896 2961 justus
913 2881 971 2944 ἃ
993 2883 1100 2942 toti
1122 2899 1246 2964 reg:
1279 2879 1505 2942 fideliss':
1536 2876 1841 2940 condoluit
1868 2875 2109 2941 miseriis
2128 2877 2384 2942 Huberti
2412 2875 2489 2940 de
2504 2881 2743 2964 Burgo.

1457 2995 1490 3027 n

793 3045 1172 3130 Godefridus·
1204 3047 1280 3109 de
1325 3043 1715 3110 Crawcumbe
1744 3044 1909 3108 miles
1946 3044 2107 3126 jussu
2150 3044 2387 3108 H'enrici
2423 3045 2581 3128 regis
2610 3047 2739 3110 Hu-

705 3131 938 3196 bertum
971 3135 1045 3195 de
1067 3139 1276 3217 Burgo
1300 3132 1335 3196 ὲ
1363 3131 1571 3197 sacello
1588 3135 1643 3194 vi
1666 3129 1971 3209 abstraxit,
2018 3133 2078 3194 &
2100 3131 2182 3194 ad
2209 3133 2427 3194 turrim
2452 3133 2745 3198 Londonz

705 3219 1010 3302 perduxit.

793 3305 1102 3368 Hubertus
1123 3303 1352 3369 servivit
1383 3305 1707 3380 Richardo,
1752 3306 1985 3385 Joanni,
2028 3307 2087 3367 &
2117 3305 2375 3370 Henrico
2402 3305 2649 3390 regibus
2674 3306 2744 3370 in

701 3393 954 3475 negotiis
985 3394 1225 3455 maximi
1254 3393 1558 3455 momenti.
2022 3445 2029 3452 .

789 3480 1093 3544 Hubertus
1113 3479 1187 3542 de
1207 3479 1414 3564 But-go
1427 3479 1567 3542 miss
1558 3499 1622 3542 us
1647 3479 1721 3542 ad
1739 3477 2045 3542 castellum
2065 3478 2325 3552 d'eVifis,
2358 3477 2519 3541 unde
2536 3475 2738 3560 postea

705 3565 905 3643 evasit,
953 3567 1011 3630 ἃ
1040 3567 1114 3628 ad
1145 3569 1426 3641 BaroneS,
1463 3567 1587 3646 jam
1636 3568 1862 3630 bellum
1888 3581 2110 3638 ,contra
2153 3566 2480 3630 Henricum
2530 3587 2737 3651 regem

707 3653 900 3718 fuum·
924 3669 952 3702 ⁶
993 3653 1398 3730 meditante3,''
1440 3651 1692 3735 aufugit.

794 3745 926 3804 Hoc
957 3757 1224 3824 tempore
1249 3743 1400 3804 obiit
1428 3741 1783 3822 Ranulphus
1824 3759 2021 3802 comes
2048 3736 2359 3804 Cessrensrs
2396 3738 2557 3821 apud
2586 3741 2737 3802 Wa-

701 3825 999 3912 lingforde
1039 3839 1130 3910 5⁰.
1165 3828 1292 3890 Cal:
1323 3826 1646 3890 Novembr:
1676 3829 1785 3910 qui
1832 3845 2041 3910 parum
2086 3825 2323 3892 favebat
2348 3825 2630 3891 Huberto
2659 3827 2743 3892 de

703 3917 932 3995 Burg0.

787 4003 922 4062 Rex
949 4001 1240 4064 Henricus
1281 4002 1490 4063 timens
1532 4001 1825 4064 baronum
1870 3999 2110 4065 suorum
2162 4001 2487 4084 potentiam
2536 4020 2738 4065 acces-

699 4085 832 4150 fivit
880 4088 1142 4172 legiones
1179 4086 1603 4152 Pistavenfium
1646 4089 1706 4151 in
1744 4089 2045 4174 Angliam‚
2088 4107 2351 4175 quorum
2390 4088 2733 4176 agminibus

699 4173 948 4240 milatus
977 4173 1216 4240 inceffit.
2666 4213 2673 4220 -

1431 4291 1462 4324 a
1494 4273 1837 4327 Meditatatibus
1870 4273 1996 4328 MS.
2042 4277 2047 4281 ’

2528 4363 2732 4430 Frater
