2975 4800
333 113 468 230 ³&

977 89 2324 200 JoANNrsanAnnr

660 235 837 302 Lindi
869 234 976 299 flu:
1006 253 1222 298 nomen
1253 229 1516 314 sumpsit.
1606 229 1881 292 Continet
1928 243 2127 291 autem
2174 227 2301 291 haec
2334 223 2521 291 insula
2548 223 2711 292 osto

659 323 931 387 milliaria
963 343 1066 403 per
1095 320 1382 398 ambitum
1408 341 1426 381 :
1469 335 1606 400 quae
1636 313 1821 378 insula
1849 335 2007 378 nunc
2041 329 2281 380 vocatur
2331 311 2442 378 ins:
2488 318 2701 391 Sacra.

661 411 850 493 Angl:
880 407 1240 487 Haiyeland3
1301 406 1411 467 hac
1440 404 1515 465 de
1544 401 1733 464 caussa
1761 401 1927 486 quod
1956 405 2020 463 8.
2042 401 2331 476 Αἰάειιιιε,
2365 403 2699 478 Fiunanns.

659 496 862 571 Tuda‚
907 497 966 557 δε
989 494 1392 557 Cuthebertus
1413 511 1556 554 cum
1577 485 1705 552 aliis
1728 491 1775 572 ej
1785 487 1982 552 usdem
2012 488 2157 552 eccl:
2188 485 2421 572 praesul:
2450 489 2701 574 digniff:

1242 603 1271 634 n

661 655 888 721 ibidem
935 597 1343 738 requieicezrgntt:
1406 631 1723 736 posteaque
1774 651 1971 732 piures
2026 646 2300 716 monachi
2348 647 2699 736 diversique

665 742 948 810 seculares
977 764 1078 826 per
1107 747 1312 806 Dauos
1341 739 1704 820 martyrizati
1734 738 1951 800 ibidem
1984 735 2195 824 sepnlti
2230 735 2381 802 sunt.

753 833 848 894 Ut
883 831 948 892 in
977 829 1268 892 veteribus
1295 827 1432 890 libr:
1474 825 1713 910 legitur,
1759 827 2045 888 terminus
2073 823 2511 888 Lindisfarnen:
2556 821 2699 908 pos-

667 914 925 981 seffionis
952 915 1036 978 est
1066 915 1100 976 ὲ
1127 911 1233 978 flu':
1275 913 1488 976 Tueda
1520 910 1705 996 usque
1732 913 1809 973 ad
1828 911 2294 975 Warnamuthe:
2339 914 2399 972 8c
2426 911 2565 975 inde
2594 901 2695 974 su-

669 1005 868 1088 perius
903 999 1089 1084 usque
1137 1002 1212 1064 ad
1263 1001 1432 1064 illum
1479 1001 1678 1064 locum
1727 999 1833 1061 ubi
1862 1000 1984 1062 haec
2012 1017 2169 1082 aqua
2200 997 2465 1074 Wamed
2495 1001 2707 1064 oritur·

658 1095 843 1175 juxta
870 1105 1131 1151 montem
1163 1086 1581 1150 Hibberdune:
1648 1087 1707 1148 &
1736 1085 1813 1148 ab
1842 1086 1949 1148 illo
1988 1101 2193 1148 monte
2238 1083 2424 1170 usque
2464 1083 2543 1148 ad
2574 1081 2689 1151 flu:

669 1177 782 1262 qui
799 1191 1041 1238 vocatur
1071 1177 1279 1237 Brunk
1307 1172 1490 1256 usque
1518 1169 1594 1236 ad
1623 1173 1791 1235 illum
1820 1172 2021 1238 locum
2050 1167 2159 1234 ubi
2182 1174 2391 1238 oritur.
2478 1169 2563 1236 Et
2589 1174 2697 1239 ina

670 1281 828 1326 terra
857 1263 1011 1326 ultra
1022 1259 1302 1324 Tuedam
1316 1262 1398 1326 ab
1427 1261 1531 1324 illo
1556 1255 1693 1324 loco
1718 1255 1825 1324 ubi
1852 1253 2043 1322 oritur
2061 1254 2169 1322 flu:
2229 1259 2405 1322 Edrae
2418 1255 2497 1322 ab
2518 1264 2695 1344 aqui·

671 1349 809 1413 lone
839 1346 1024 1434 usque
1049 1349 1124 1412 ad
1155 1349 1322 1412 illum
1354 1349 1549 1412 locum
1577 1347 1681 1409 ubi
1710 1346 1868 1410 cadit
1894 1349 1957 1410 in
1981 1345 2090 1409 flu:
2117 1341 2363 1409 Twedae
2386 1371 2404 1407 :
2470 1347 2531 1409 8:
2560 1365 2696 1414 tota

671 1453 828 1500 terra
878 1456 1014 1521 quae
1048 1428 1206 1516 jace't
1233 1439 1382 1500 inter
1419 1431 1529 1498 flu:
1574 1435 1749 1500 Edrae
1792 1437 1857 1498 8ε
1880 1435 2131 1498 alterum
2154 1431 2262 1498 flu:
2306 1434 2415 1516 qui
2440 1437 2694 1502 vocat‘ur

672 1523 872 1588 Leder
898 1519 1092 1586 versus
1119 1523 1483 1586 occidentem
1512 1544 1528 1586 :
1594 1524 1655 1584 ἃ
1684 1537 1809 1587 tota
1842 1537 1995 1583 terra
2020 1539 2159 1603 quae
2179 1521 2336 1601 jacet
2364 1520 2449 1582 ab
2470 1523 2693 1588 orient:

671 1626 843 1695 parte
871 1609 1034 1674 istius
1078 1629 1248 1692 aquae
1287 1629 1422 1692 quae
1447 1624 1696 1672 vocatur
1738 1608 1937 1671 Leder
1964 1605 2149 1690 usque
2182 1607 2259 1670 ad
2288 1608 2459 1671 illum
2488 1607 2699 1676 locum

669 1698 781 1761 ubi
807 1699 968 1760 cadit
992 1699 1056 1760 in
1083 1696 1192 1759 flu:
1217 1697 1461 1760 Twedae
1487 1693 1687 1762 versus
1714 1694 1977 1758 austrum
2004 1717 2021 1758 :
2088 1695 2149 1755 &
2181 1710 2307 1758 tota
2352 1709 2511 1758 terra
2557 1717 2697 1781 quae

673 1785 935 1870 pertinet
961 1785 1036 1848 ad
1068 1781 1378 1847 monaster:
1427 1787 1487 1846 S.
1518 1783 1776 1846 Baitheri
1803 1783 1971 1865 quod
1996 1799 2240 1846 vocatur
2266 1781 2635 1866 Tivingham
2660 1783 2697 1851 ἑ

677 1871 1105 1936 Lamban-more
1137 1868 1324 1954 usque
1352 1870 1428 1933 ad
1455 1867 1788 1934 Estemutb.
2610 1891 2623 1898 ·

763 1959 1048 2022 Fundatae
1077 1955 1210 2022 sunt
1240 1958 1432 2041 primo
1459 1957 1523 2020 in
1566 1953 1673 2020 ins:
1719 1953 2084 2020 Lindisfarn:
2122 1955 2279 2020 sedes
2320 1953 2492 2039 episc:
2524 1957 2699 2025 fimul

571 2079 574 2084 ·
677 2045 739 2108 8c
787 2046 1212 2110 monachorum
1263 2044 1571 2120 habitatiO,
1616 2063 1774 2106 anno
1821 2049 1904 2108 D.
1939 2045 2087 2126 635.
2130 2045 2240 2128 qui
2280 2042 2367 2106 est
2402 2047 2699 2112 adventus

350 2404 470 2480 J’agss
484 2383 600 2472 siz.

677 2131 864 2214 Angl:
895 2132 958 2193 in
981 2133 1240 2195 Britann:
1275 2136 1415 2196 188,
1441 2133 1727 2194 adventus
1752 2133 1813 2194 S.
1840 2130 2093 2210 August:
2120 2150 2223 2212 39.
2252 2131 2419 2216 regui
2436 2131 2699 2198 oswaldi

680 2231 773 2280 20.
805 2221 902 2280 Ex
927 2218 1038 2280 hac
1061 2219 1209 2282 eccl:
1236 2239 1440 2282 omnes
1481 2217 1632 2282 eccl:
1662 2219 1720 2280 8ε
1748 2217 2062 2282 monaster:
2090 2219 2495 2284 Berniciorum
2536 2218 2699 2286 sum·

681 2299 922 2387 pserunt
949 2307 1260 2387 originem.
2622 2359 2627 2366 .

768 2390 1203 2454 Northumbria
1229 2388 1408 2455 divisa
1456 2393 1517 2456 in
1549 2387 1797 2479 regnnm
1827 2390 2146 2457 Dein-orum
2176 2394 2235 2457 8:
2262 2395 2697 2465 Berniciorum.

765 2480 1090 2543 Deirorum
1115 2478 1281 2541 limes
1321 2480 1416 2555 alx
1439 2484 1719 2543 Hnmbro
1760 2481 1836 2543 ad
1869 2482 2118 2546 Tinam.

769 2568 1180 2630 Berniciorum
1207 2567 1378 2630 limes
1404 2566 1438 2628 ὲ
1465 2568 1626 2631 Tina
1654 2569 1730 2629 ad
1758 2588 1917 2632 mare
1946 2568 2289 2634 Scotticum.

763 2652 1090 2717 Pei-mansit
1119 2654 1179 2716 in
1197 2649 1557 2719 Lindisfarn:
1588 2650 1695 2717 ins:
1716 2652 1874 2719 sedes
1902 2653 2074 2740 episc:
2099 2657 2160 2717 ἃ
2182 2656 2533 2722 monachica
2557 2677 2704 2723 oon-

679 2740 927 2806 versatio
953 2762 1060 2826 per
1085 2760 1268 2815 annos
1299 2740 1448 2820 246.
2470 2768 2481 2777 ’

765 2828 1032 2893 Aidanus
1059 2830 1255 2913 exegit
1281 2830 1342 2891 in
1371 2824 1547 2911 episc:
1576 2848 1676 2892 an:
1722 2850 1823 2909 17.
1866 2848 1936 2894 ac
1970 2830 2150 2895 etiam
2181 2850 2291 2913 pro
2321 2848 2466 2895 tunc
2493 2852 2705 2897 curam

681 2916 826 2980 eccl:
852 2914 1036 2980 Ebor:
1065 2917 1126 2978 8c
1147 2916 1328 2979 totius
1349 2915 1869 2981 Northanhumbr:
1888 2914 2041 2980 solus
2058 2918 2289 3001 agebat.
2358 2920 2519 2982 Nam
2540 2920 2705 2983 Beda

683 3000 929 3065 testante
958 3001 1088 3086 post
1115 3002 1402 3067 decessum
1431 3002 1661 3065 Paulini
1690 3003 1764 3067 de
1796 3004 1982 3069 Ebor:
2014 3026 2118 3087 per
2148 3024 2252 3087 30.
2283 3026 2466 3069 annos
2494 3007 2705 3071 cadem

685 3090 875 3151 Ebor:
903 3089 1046 3153 eccl:
1079 3093 1388 3173 proprium
1417 3107 1540 3151 non
1567 3089 1778 3155 habuit
1818 3090 2125 3174 pastorem.

629 3188 636 3193 ·
713 3172 1037 3239 ·’·Αῐάειῐιυε
1083 3184 1170 3251 1⁰.
1215 3173 1470 3258 episcop:
1502 3173 1586 3240 sui
1638 3192 1902 3261 tempore
1950 3197 2053 3242 12.
2090 3198 2306 3261 pueros
2344 3178 2422 3243 de
2464 3180 2707 3244 natione

683 3262 869 3345 Angl:
901 3263 961 3325 in
999 3277 1030 3309 ⁰
1067 3262 1270 3326 (ἔω-δ”
1267 3264 1624 3326 erudiendos
1652 3261 1919 3349 suscepit,
1962 3286 2040 3329 ex
2086 3266 2308 3349 quibus
2356 3286 2511 3331 unus
2554 3269 2704 3330 Eata

682 3348 886 3435 postea
912 3344 1220 3431 episcopus
1247 3347 1617 3415 Lindisfarn:

597 3424 602 3430 ’
734 3466 759 3503 ,-
773 3438 836 3498 8.
883 3432 1190 3500 Oswaldus
1242 3434 1586 3501 interfestus
1634 3434 1670 3500 ὲ
1714 3440 1914 3504 Penda
1952 3458 2090 3525 rege
2118 3442 2313 3507 Merc:
2350 3440 2513 3526 apud
2558 3440 2702 3509 Ma·

353 3980 562 4108 ἓέἒῑᾶ·

685 3518 961 3673 Ῑοξξιῖῐοίὶ
977 3612 1144 3677 locus
1166 3613 1268 3677 ille
1285 3615 1689 3677 conterminus
1706 3614 1923 3678 finibus
1938 3614 2286 3692 Armovicae‚
2318 3616 2461 3697 quia
2472 3613 2706 3677 Wauiae

687 3697 990 3779 quondam
1040 3720 1171 3784 pars
1207 3720 1366 3765 max:
1413 3700 1569 3763 dicia
1609 3699 1691 3763 est
1724 3705 2058 3765 Armovica.
2150 3708 2207 3765 A
2248 3702 2499 3766 civitate·
2526 3703 2705 3764 etiam
2822 3718 2829 3725 ·

684 3784 1090 3867 Shrowesbyri
1115 3806 1175 3863 7.
1219 3786 1406 3851 ferme
1432 3789 1693 3851 millibus
1722 3788 1917 3853 versus
1944 3788 2187 3853 eandem
2204 3790 2481 3851 Walliam
2508 3786 2703 3852 distat.

685 3872 1206 3955 Territoriumque
1233 3872 1422 3955 ipsum
1443 3874 1670 3938 abbatis
1698 3877 1854 3940 illius
1885 3877 2047 3939 urbis
2068 3876 2281 3939 ditioni
2308 3876 2469 3943 ce'dit
2494 3878 2573 3938 'in
2586 3884 2706 3937 'cu-

672 3958 776 4041 jus
803 3959 995 4039 campi
1023 3956 1215 4024 fundo
1237 3962 1384 4025 eccl:
1422 3982 1561 4044 quae
1589 3964 1852 4026 Candida
1880 3964 2099 4026 dicitur
2127 3964 2188 4025 in
2214 3966 2275 4026 S.
2305 3959 2565 4027 oswaldi
2592 3963 2707 4025 ho-

689 4066 831 4113 nore
851 4041 1157 4113 fundatur.
1243 4052 1314 4110 ln
1343 4046 1477 4111 loco
1507 4070 1627 4112 non
1652 4052 1825 4133 longe
1846 4051 1923 4113 ab
1954 4047 2079 4132 ipso
2098 4046 2235 4113 fons
2254 4050 2537 4136 perennis
2562 4068 2703 4111 exo-

1206 4171 1235 4206 a
1265 4158 1324 4207 F.
1357 4156 1564 4210 Christo.
1661 4156 1686 4211 b
1721 4161 1812 4223 Sic,
1844 4174 1939 4211 cum
1961 4158 2180 4227 astet-:sco-

1463 4250 1469 4255 ·
2531 4226 2709 4307 rituti
