2975 4800
697 256 794 325 De
820 254 1008 323 Rebus
1037 254 1328 343 Anglican
1335 254 1388 321 is
1417 254 1689 341 opuscula
1716 258 1925 325 Varia.
2424 258 2549 344 641

270 396 388 481 ff
408 394 666 459 Salomon
694 416 804 459 non
823 396 1039 476 potuit.
1113 394 1232 457 Imo
1255 393 1397 479 quid
1413 394 1566 479 quod
1578 394 1831 477 Chymici
1854 392 1962 477 ipsi
1982 418 2087 459 nec
2112 398 2313 459 Semen

273 485 598 569 agnqlirunt
631 480 876 566 aliquod,
919 504 998 545 ex
1037 504 1146 566 quo
1189 486 1394 563 Spatyo
1421 486 1596 569 Seges
1647 486 1805 568 Apri
1837 486 2157 565 proveniat
2180 488 2313 547 ube·

275 574 404 635 rior
451 594 554 635 nec
599 573 914 633 Matricem
953 573 1197 650 ponunt,
1254 572 1486 653 inquam
1534 582 1875 635 cate-rarum
1923 594 2119 637 rerum
2160 594 2315 635 more

275 672 451 743 agat,
495 660 596 743 qui
619 680 832 721 aurum
882 656 1030 720 velit
1065 679 1378 745 generare.
1470 660 1569 721 Sic
1594 657 1747 721 homo
1774 680 1881 721 non
1912 656 2019 741 nisi
2057 682 2137 721 ex
2168 662 2309 721 Mu·

271 746 418 811 liere
435 758 689 831 generat
713 746 1032 819 Hominem,
1075 766 1172 807 nec
1192 745 1448 807 Vitulum
1477 748 1589 807 Bos
1618 744 1727 828 nisi
1748 768 1827 807 cx
1854 747 2069 809 Vaccd.
2161 749 2307 827 Jam

273 856 418 897 vero
447 833 638 897 Terra
664 854 786 917 quae
805 830 984 912 potest
1009 827 1112 915 effi,-
1119 832 1246 915 sola
1273 834 1412 893 auri
1445 836 1695 895 Matrix
1730 834 2041 911 peculiaris
2068 845 2130 895 et
2166 838 2333 917 pro·

259 922 424 1003 pria,
469 932 654 983 extra
681 940 854 1003 quam
880 940 988 983 non
1011 916 1169 1000 flcfft
1183 918 1440 1001 produci,
1470 941 1543 980 ex
1562 920 1945 1001 Chymicorum
1978 924 2303 998 Sententid,

269 1011 336 1071 in
372 1010 517 1071 auri
543 1006 948 1087 fabricatione
983 1008 1268 1071 Matricis
1300 1009 1424 1067 vim
1453 1030 1560 1069 non
1588 1008 1829 1071 obtinet.
1918 1008 2035 1070 Sed
2052 1020 2114 1071 et
2144 1008 2306 1088 desti-

267 1107 478 1159 natum
504 1116 714 1179 quoque
743 1097 984 1174 tempus,
1027 1094 1176 1177 quod
1198 1095 1430 1176 reliquis
1458 1094 1683 1157 edendis
1706 1095 2001 1176 partubus
2032 1094 2202 1159 valde
2227 1097 2306 1175 est

267 1204 406 1246 nece
443 1186 634 1245 arium
662 1180 830 1263 hujus
849 1182 1218 1265 generationi
1243 1184 1478 1263 proesus
1506 1182 1826 1266 denegatur
1846 1202 1870 1241 .·
1913 1184 2053 1245 Cum
2106 1195 2303 1245 tamen

271 1272 356 1330 M
426 1272 504 1335 ’r
549 1291 658 1333 non
705 1281 848 1333 ante
893 1290 1096 1331 novem
1125 1270 1349 1349 Menses
1398 1270 1737 1349 tranfiu‘tos,
1778 1270 2003 1349 soetum
2046 1274 2303 1349 exponat

247 1356 452 1439 ficum,
497 1354 748 1440 idemque
789 1358 852 1417 in
895 1354 1030 1417 aliis
1069 1358 1337 1439 utiquam
1380 1356 1549 1417 rebus
1572 1356 1921 1439 generandis
1960 1354 2167 1438 liquido
2200 1360 2303 1437 ap-

261 1449 482 1527 pareat
503 1471 528 1505 .-
571 1442 846 1525 Chymicis
877 1438 914 1505 ὲ
943 1457 1148 1506 contra
1180 1443 1281 1506 vel
1301 1444 1360 1505 in
1392 1443 1634 1519 itfianti
1658 1464 1869 1505 aurum
1889 1442 1959 1523 fi·
1992 1442 2137 1527 fioffe
2173 1466 2302 1507 con·

241 1532 443 1617 ficere
471 1530 899 1615 profitentibus.
990 1528 1200 1593 Ultimo
1245 1542 1376 1613 quot
1421 1552 1520 1593 nos
1568 1520 1865 1609 Principes
1910 1531 2073 1592 Viros
2124 1534 2303 1593 etiam

263 1618 434 1702 cnjus
463 1621 560 1683 vis
597 1616 928 1682 conditionis
962 1619 1226 1681 Homines
1255 1640 1334 1680 ex
1359 1616 1641 1680 divitibus
1670 1617 1753 1679 ad
1787 1630 2111 1681 extremam
2144 1620 2303 1681 Pau-

263 1710 568 1789 pertatem
596 1702 850 1767 redaHos
875 1705 1104 1786 semper
1125 1708 1330 1786 sumus
1354 1706 1610 1784 experti,
1652 1704 1783 1767 dum
1836 1704 1969 1767 huic
2002 1708 2134 1767 arti
2162 1709 2301 1767 Stu-

267 1792 478 1857 derent
519 1805 592 1857 at
634 1814 714 1855 ex
749 1794 1008 1879 paupere
1047 1794 1149 1875 qui
1191 1792 1322 1857 hinc
1347 1792 1509 1855 dives
1540 1792 1793 1874 evaserit
1822 1792 2010 1855 nullus
2054 1814 2303 1877 unquam
2432 1830 2437 1841 ·

249 1883 416 1966 suit.

359 2056 506 2121 The
533 2052 780 2117 Ρωᾶοι·
807 2052 1009 2117 would
1044 2051 1192 2117 have
1228 2051 1480 2116 omztted
1522 2052 1626 2115 the
1666 2052 1771 2115 last
1802 2051 2059 2136 Replyer
2104 2052 2163 2115 in
2198 2053 2301 2117 tbe

267 2141 503 2209 Second
531 2136 889 2222 Philosophy
918 2141 1042 2203 Ast
1074 2155 1136 2203 to
1155 2141 1290 2225 give
1323 2140 1422 2201 the
1453 2160 1617 2203 more
1642 2144 1831 2227 Scope
1864 2159 1927 2203 to
1958 2142 2048 2203 his
2073 2140 2300 2204 Fellow

273 2234 410 2293 that
449 2227 815 2300 moderated,
863 2230 974 2291 but
1023 2228 1122 2291 the
1151 2232 1472 2309 Opponent
1507 2226 1677 2291 stood
1720 2249 1804 2311 up
1834 2228 1951 2290 and
1998 2229 2101 2291 the
2138 2232 2301 2313 King

262 2314 402 2399 sayd
429 2314 746 2379 Audiamus
762 2316 944 2379 etiam
971 2326 1032 2377 et
1063 2306 1240 2378 illum.
1311 2316 1583 2395 Disputet
1612 2314 1681 2379 de
1706 2316 2142 2400 amplficatione
2142 2316 2299 2401 fini·

267 2427 366 2470 um
397 2407 744 2490 Regnorum.
835 2407 917 2467 So
963 2403 1038 2465 he
1077 2402 1258 2466 heard
1310 2403 1470 2470 them
1514 2419 1578 2464 to
1624 2405 1725 2466 the
1772 2403 1875 2466 last
1922 2405 2137 2477 Word,
2184 2403 2301 2468 and
2344 2437 2353 2446 ³

271 2493 378 2556 ’tiu
407 2495 455 2555 it
479 2511 646 2574 grew
675 2489 843 2554 dark.
932 2491 1104 2554 That
1133 2491 1288 2554 done
1319 2489 1390 2552 he
1419 2489 1587 2553 stood
1638 2512 1743 2574 up,
1791 2491 2003 2554 moved
2033 2492 2123 2553 his
2152 2494 2300 2553 Hatt

261 2577 364 2644 off
381 2580 472 2644 his
509 2579 694 2652 Head‚
739 2577 858 2640 and
889 2573 1062 2660 spake
1091 2599 1228 2657 very
1257 2579 1585 2660 gracioussy
1616 2597 1681 2640 to
1709 2577 1837 2640 that
1866 2577 2057 2640 Effe&
2088 2580 2164 2639 he
2190 2577 2299 2640 did

266 2683 330 2728 at
359 2666 850 2730 HinchInbrooke
893 2681 958 2726 to
998 2667 1099 2728 the
1128 2666 1627 2739 vicechancenor,
1672 2666 1790 2726 and
1842 2664 2041 2726 others
2082 2661 2157 2726 of
2194 2665 2299 2727 the

269 2751 608 2836 Univerfity
633 2749 708 2816 of
732 2751 1096 2837 Cambridge
1121 2769 1182 2816 at
1215 2751 1308 2814 his
1343 2755 1414 2814 C<
1434 2753 1602 2835 ming
1626 2753 1753 2814 into
1781 2751 1883 2814 the
1908 2749 2142 2829 Realm,
2185 2753 2299 2816 viz.

268 2947 590 3012 ULTmA
619 2947 868 3026 Jacom
899 2945 1120 3006 Rncxs
1157 2961 1410 3007 meno
1457 2963 1599 3021 Qu
1640 2961 1915 3006 run-ms
1944 2961 2083 3018 jau
2125 2963 2298 3008 Pun-

527 3051 714 3096 mets

263 3123 985 3192 Durum-nmmum,
1015 3119 1468 3182 Oxomssnssss
1504 3135 1635 3180 εετ
1668 3133 2187 3194 Αιιοτψυτσε.

348 3265 394 3295 “
437 3261 561 3344 Ego
584 3279 690 3342 quo
715 3257 904 3319 minus
933 3253 1089 3340 eſj'em
1115 3251 1416 3326 literatus,
1461 3267 1523 3318 et
1550 3253 1819 3318 naturali
1842 3251 2087 3338 quadam
2114 3277 2295 3318 aver·

261 3353 308 3384 ‘⁸
334 3345 570 3428 satione
593 3347 738 3420 med,
783 3355 845 3406 et
872 3366 944 3406 ne
983 3344 1116 3406 otiis
1150 3345 1525 3406 communibus
1536 3343 1765 3422 semper
1781 3343 1917 3424 snm
1946 3341 2247 3423 impeditus
2268 3369 2293 3406 .-

261 3441 308 3471 “
353 3435 478 3496 Hoc
505 3444 700 3496 tamen
732 3431 892 3494 vobis
1016 3452 1105 3492 me
1138 3431 1466 3512 persuasum
1502 3428 1647 3502 volo,
1691 3428 1841 3513 quod
1861 3427 2003 3511 jam
2042 3431 2293 3512 eloquor,

257 3527 306 3558 ‘⁸
351 3521 686 3584 Literarum
713 3529 776 3580 et
806 3519 1338 3598 Literatorumsui,
1364 3519 1521 3596 snm,
1566 3529 1627 3578 et
1653 3538 1749 3579 ero
1782 3519 2062 3580 Mecaenas
2089 3539 2295 3580 aman·

259 3613 306 3646 ⁴⁸
351 3602 608 3689 tifflmus.
681 3607 812 3684 Qo
837 3607 1026 3689 magis
1067 3603 1206 3668 mihi
1243 3603 1627 3668 condonabitis
1644 3599 1713 3684 si
1734 3599 2077 3666 durantibus
2116 3625 2291 3665 exer·

255 3699 304 3734 ‘⁶
349 3695 508 3760 titiis
540 3693 750 3772 vestris
791 3691 935 3772 hili-e
967 3691 1539 3774 Interloquutionibus
1567 3691 1727 3764 meis,
1773 3689 2071 3769 Prisciano
2106 3691 2293 3768 vestro

257 3787 307 3820 ‘⁸
349 3783 474 3846 vim
491 3781 626 3862 fici
671 3792 782 3844 aut
822 3775 1104 3860 injuriam
1151 3777 1326 3840 obtuli
1371 3775 1644 3860 aliquam.
1738 3775 2104 3838 Academiam
2150 3799 2295 3840 vero

261 3873 310 3908 “
349 3867 500 3954 quod
519 3869 744 3930 attinet
776 3867 1048 3942 vestram,
1095 3877 1152 3927 et
1181 3865 1470 3928 exercitia
1506 3863 1607 3926 illa
1652 3861 1851 3948 quibus
1886 3884 1976 3924 me
2000 3865 2295 3944 excepistis

259 3963 306 3994 ⁸⁸
348 3955 528 4030 laute,
565 3955 740 4036 probo
770 3955 960 4016 omnia
998 3953 1348 4040 approboque
1367 3977 1388 4012 .-
1435 3949 1510 4012 Id
1551 3971 1653 4014 vos
1702 3971 1929 4012 monens
1954 3947 2169 4028 sedulo,
2214 3950 2304 4014 ad

259 4049 310 4082 ‘⁸
387 4041 502 4106 uod
523 4037 926 4122 ornatiffi‘mus,
976 4037 1206 4124 quidam
1259 4045 1320 4102 in
1370 4039 1579 4116 vestris
1631 4033 1955 4118 Theologis,-
1980 4035 2146 4102 caut?
2187 4059 2293 4102 vos

255 4135 306 4168 “
343 4066 472 4194 zm·
499 4129 768 4192 hortatus
794 4127 870 4210 eli
920 4131 1116 4210 nempe
1155 4137 1225 4189 ut
1273 4147 1344 4189 ne
1380 4127 1470 4190 hic
1508 4121 1707 4206 pedem
1735 4121 1983 4208 ststatis,
2008 4123 2123 4206 fid
2158 4127 2295 4206 pro-

258 4223 308 4255 “
344 4215 567 4302 greffias
583 4217 848 4298 faciatis
875 4211 1077 4280 indies.
1167 4215 1356 4276 Deum
1383 4215 1647 4294 inprimis
1676 4211 1862 4285 colite,
1908 4212 2149 4274 verbum
2186 4211 2298 4273 Dei

257 4311 306 4346 “
347 4317 412 4372 et
439 4303 756 4372 dofirinam
783 4300 904 4386 ejus
923 4304 1165 4385 puram,
1207 4297 1666 4385 quemadmodum
1695 4298 1787 4364 hic
1828 4299 1990 4364 inter
2020 4319 2122 4358 vos
2148 4301 2294 4372 pra·-

947 4391 1018 4456 M
1047 4408 1110 4454 m
1135 4409 1204 4452 m
1225 4409 1286 4454 m
1331 4403 1370 4452 2
1983 4391 2025 4422 ‘⁸
2056 4383 2297 4450 dicatur
