2975 4800
343 148 474 233 382
971 132 2317 223 JOANNISLELANDI

671 286 896 349 uitione
935 282 1160 347 firmiss':
1200 278 1257 344 se
1301 279 1612 343 tonclufit.
1702 284 1851 341 Erat
1896 278 1958 341 id
2000 282 2284 362 temporis
2314 272 2743 347 Cumbreland

679 372 794 524 {ub
821 371 978 455 regis
1003 369 1318 435 Malcolini
1347 368 1636 443 dominic,
1678 386 1799 430 non
1820 369 1959 451 jure
1986 369 2246 451 polseffa,
2300 366 2397 433 sed
2424 372 2736 437 violenter

711 460 854 523 ub'u
902 472 1022 522 ata.
1257 520 1260 523 ,

717 566 724 572 ·
759 480 1118 609 §raim-linus
1149 558 1394 625 propter
1415 540 1828 605 excursionem
1856 536 2197 624 Gospatritii
2226 544 2285 605 in
2308 540 2731 609 Curnbreland

671 633 1075 705 Northumbr:
1121 629 1317 695 saeviff:
1363 628 1555 713 strage
1597 629 1991 713 depopulatus
2040 628 2149 721 el),
2210 631 2473 693 abdut‘sta
2513 630 2729 715 postea

679 726 898 805 magna
925 719 1234 783 hominurn
1267 720 1332 781 in
1357 715 1697 780 servitutem
1736 714 2143 780 multitudine.

345 805 466 873 '⁸ss-
485 822 604 870 537·
765 814 947 873 Anno
975 811 1056 871 D.
1101 824 1293 885 1072.
1336 825 1446 869 rex
1472 804 1624 868 Gul:
1656 800 1957 888 profestus
1982 803 2065 865 est
2090 798 2287 866 versus
2308 807 2564 869 Scotiam
2597 822 2726 869 ter·

677 894 844 959 ressri
878 896 940 959 &
967 893 1159 957 navali
1187 894 1471 966 exercitu,
1535 892 1755 956 habens
1806 888 2003 955 secum
2033 893 2315 955 Edricum
2342 912 2481 978 cog:
2513 894 2728 979 Sylva·

679 984 885 1056 ficum,
932 996 1003 1045 ut
1031 980 1418 1044 Malcolinum
1447 999 1645 1061 regem
1680 981 2021 1043 Scottorum
2052 978 2396 1046 debellaret.

761 1068 909 1133 Gul.
941 1088 1046 1131 rex
1073 1068 1298 1131 obtulit
1321 1086 1581 1131 marcam
1609 1066 1740 1129 auri
1766 1068 1825 1131 8:
1854 1062 2175 1149 pretiosum
2200 1066 2449 1151 pallium
2475 1068 2555 1133 ad
2584 1088 2731 1133 cor-

677 1176 797 1243 pus
821 1160 882 1219 S.
913 1154 1258 1219 Cuthberti.
2378 1172 2381 1175 ’

770 1242 1130 1397 &degimus
1159 1262 1269 1309 rex
1293 1240 1536 1309 devenit
1562 1240 1747 1305 homo
1771 1240 1949 1327 ligius
1977 1234 2127 1305 Gul:
2154 1242 2309 1327 regis
2334 1242 2499 1328 apud
2517 1242 2729 1309 Aber-

679 1334 777 1397 nit
849 1332 912 1393 in
979 1330 1158 1395 cotia.

769 1414 1158 1503 Cospatritius
1205 1416 1413 1482 comit.
1469 1414 1703 1479 honore
1748 1412 1973 1479 5¹Gu1:
2032 1432 2172 1499 rege
2212 1415 2493 1499 privatim,
2546 1418 2723 1503 quod

681 1504 868 1573 morti
911 1504 1164 1577 Roberti
1205 1508 1448 1587 'Cumyn
1482 1504 1719 1568 comitis
1766 1505 1835 1567 in
1881 1504 2187 1567 Dunelmo
2222 1500 2609 1583 consenserat,
2656 1508 2724 1572 δε

683 1594 867 1659 morti
892 1596 1225 1657 Normann:
1257 1590 1448 1655 Ebot:
2622 1652 2629 1658 .

771 1680 1134 1744 Wolthevus
1160 1678 1320 1741 filius
1348 1676 1602 1745 Siwardi
1632 1676 1867 1741 comitis
1892 1676 2297 1742 Northumbr:
2330 1680 2391 1741 &
2412 1676 2729 1744 AElftredae

685 1766 826 1831 filiae
851 1768 1084 1831 comitis
1111 1764 1364 1829 Aldredi
1389 1760 1650 1828 succeffit
1676 1763 2066 1848 cospatricio.
2130 1806 2142 1816 -

713 1923 716 1929 ,
773 1856 925 1919 Gulz
949 1874 1060 1918 rex
1085 1850 1348 1919 reversus
1367 1852 1443 1914 de
1464 1854 1663 1915 Sootia
1690 1852 1959 1915 condidit
1986 1850 2285 1915 castellum
2306 1854 2367 1915 in
2394 1854 2725 1935 Dunelmo,

477 1972 486 1981 ·
609 1968 621 2003 .·
691 1942 804 2009 ubi
827 1940 886 2007 se
912 1962 1052 2008 cum
1081 1937 1196 2007 suis
1224 1936 1533 2024 episcopus
1562 1954 1693 2003 tute
1720 1939 1798 2001 ab
1820 1936 2247 2002 incursantibus
2274 1941 2493 2003 habere
2514 1942 2725 2024 posset.

780 2030 1139 2113 Ranulphus
1167 2027 1411 2113 quidam
1437 2026 1472 2089 a
1499 2026 1647 2091 Gul:
1676 2046 1813 2111 rege
1842 2025 2217 2101 transmissus,
2264 2042 2334 2089 ut
2364 2027 2656 2093 tributum
2688 2030 2727 2093 ὲ

691 2116 1196 2181 Dunelmenfibus
1223 2116 1488 2201 exigeret
1515 2114 1629 2179 &c.
1674 2130 1745 2177 ut
1782 2110 2073 2177 miraculo
2112 2114 2351 2177 territus
2379 2112 2499 2177 fine
2538 2137 2727 2199 pecu-

689 2204 789 2267 nia
813 2204 1119 2268 recefferit.

779 2290 980 2353 Anno.
1008 2294 1091 2353 D.
1126 2308 1314 2368 1074.
1342 2286 1664 2353 Aldwinus
1693 2288 1993 2373 presbyter
2012 2288 2091 2351 de
2112 2308 2329 2373 genere
2340 2290 2531 2354 Merc:
2554 2294 2731 2356 Prior

693 2375 774 2442 de
789 2373 1340 2442 Winchelescumbe
1367 2378 1478 2442 iter
1506 2376 1579 2439 ad
1592 2373 2105 2440 Transumbranos
2132 2377 2369 2442 direxit.

735 2531 740 2536 ,
779 2469 939 2530 Inter
981 2465 1246 2528 eundum
1284 2465 1719 2528 Eovestxamum
1745 2466 1931 2540 venit,
1974 2467 2034 2526 &
2070 2461 2257 2528 socios
2295 2484 2373 2528 ex
2410 2467 2729 2532 monachis

687 2550 912 2618 ibidem
940 2550 1048 2616 fibi
1076 2552 1372 2632 adjunxit,
1401 2550 1675 2616 videlicet
1690 2550 1871 2614 Elfwi
1890 2553 2227 2627 diaconum,
2262 2555 2319 2614 &
2344 2553 2727 2621 Remfridum

689 2657 836 2716 tunc
863 2641 1164 2705 literarum
1195 2640 1495 2726 ignarum.
1581 2640 1787 2702 Unum
1836 2655 2068 2702 tantum
2109 2636 2373 2715 asellum,
2417 2663 2547 2723 quo
2583 2643 2727 2709 libri

687 2729 752 2793 ἃ
777 2725 1148 2795 sacerdotalia
1171 2741 1517 2798 ornamenta
1549 2741 1579 2773 α
1616 2723 1934 2802 deferrent,
1978 2723 2172 2790 secum
2212 2727 2488 2792 adduxit.
2575 2731 2729 2794 Ald-

687 2817 888 2884 winus
914 2813 948 2878 a
978 2815 1254 2882 Baldrico
1285 2817 1467 2880 vicecz
1518 2814 1705 2878 Eborz
1752 2813 1877 2883 filio
1914 2816 2211 2896 Hugonis,
2260 2815 2475 2878 ducem
2514 2816 2623 2880 fibi
2650 2819 2731 2882 ad

691 2901 1039 2969 Munkester
1089 2903 1341 2991 rogavit,
1385 2901 1493 2966 ubi
1544 2901 1787 2966 tandem
1814 2902 2092 2966 monach:
2134 2899 2444 2986 vestigium
2492 2906 2731 2970 nullum

693 3005 1068 3075 repererunt.
1637 3053 1641 3057 .

782 3078 1136 3142 walcherus
1184 3073 1492 3162 episcopus
1541 3076 1902 3140 Dunelmem
1960 3075 2125 3140 dedit
2174 3077 2377 3144 locum
2419 3080 2733 3144 habitandi

695 3164 980 3230 Aldwino
1016 3167 1078 3230 in
1103 3165 1318 3230 Girwi.

360 3269 477 3336 rag.
499 3271 614 3326 5³8·
783 3253 1110 3316 Aldwinus
1133 3253 1372 3318 culmen
1399 3249 1476 3315 de
1517 3249 1694 3335 lignis
1740 3247 2099 3316 inform-ibus
2126 3253 2187 3314 8c
2220 3249 2384 3316 foeno
2411 3251 2547 3318 solis
2574 3258 2734 3320 anti-

697 3337 1511 3494 ‘1M00‘stw2
1543 3336 2599 3512 :arms23:2021232232253241202
2654 3432 2735 3496 ab

689 3515 1050 3600 Aquilonar:
1077 3513 1515 3579 oenfluxerunt.
1717 3559 1727 3568 -

779 3605 938 3668 Cum
963 3603 1123 3668 enim
1151 3599 1304 3688 ipsos
1331 3601 1479 3666 eccl:
1508 3597 1875 3676 reaedificare,
1920 3601 1980 3664 ἃ
2002 3599 2295 3666 desti-uita
2318 3605 2594 3668 monach:
2624 3605 2731 3669 ha·

692 3691 957 3755 bitacula
984 3689 1206 3754 videret
1233 3689 1389 3754 velle
1415 3689 1673 3764 reficere,
1716 3689 1887 3753 dedit
1930 3687 2046 3752 illis
2090 3689 2271 3772 ipsam
2308 3689 2505 3754 villam
2534 3697 2735 3758 Girwi

693 3777 1260 3930 ffmbgtppeaeitgii?
1325 3775 1859 3930 scgioesstelc'ioraeston,
1902 3781 2310 3928 Munecattog,
2370 3779 2729 3931 Hengcvoph,

758 3885 824 3927 ea
904 3885 993 3938 rn,
1109 3886 1145 3948 y
1229 3887 1340 3941 on,
1435 3885 1503 3928 ea
1674 3883 1738 3942 n,
1802 3881 1874 3927 ut
1914 3885 1954 3928 o
2218 3887 2247 3928 r
2290 3885 2443 3945 cere,
2634 3889 2738 3932 ine

697 3951 1024 4034 indigentia
1050 3954 1264 4026 vivere,
1296 3952 1559 4039 pnlsent.
1955 3883 2094 3948 pera
2144 3886 2217 3949 pe

645 4123 660 4134 ·
784 4041 881 4105 Ex
909 4039 1002 4104 his
1034 4058 1096 4124 3.
1129 4040 1434 4105 monachis
1465 4058 1529 4123 3.
1558 4037 1621 4104 in
1648 4039 1887 4124 regione
1910 4037 2384 4110 Northanumbr:
2418 4040 2733 4110 monaster:

1131 4229 1164 4264 a
1196 4211 1384 4280 Forsan,
1415 4207 1727 4263 deferrentur.
1824 4211 1850 4262 b
1882 4213 1943 4264 F.
1976 4211 2286 4279 superposuit.

2500 4313 2737 4380 Dunel-
