2975 4800
381 219 396 229 “
448 188 1153 277 ANTIQMRH
1238 182 2100 251 COLLECTANEA.
2506 186 2636 273 605

355 324 435 395 Et
462 321 661 387 statim
690 320 902 385 eodem
944 340 1101 385 anno
1128 319 1229 385 illa
1254 318 1564 387 artificiosa
1594 320 1886 386 stmstura
1929 324 2127 406 lignea
2167 322 2306 386 novi

257 410 635 495 campanilis,
682 406 917 473 summo
944 428 1015 473 ac
1040 410 1297 475 mirabili
1324 412 1540 475 mentis
1569 410 1632 473 in
1674 412 1808 475 enio
1827 411 2164 495 imaginata,
2203 408 2300 475 su·

262 514 377 583 per
408 496 763 579 praediftum
812 516 967 580 opus
1002 494 1305 579 lapideum
1348 496 1620 563 aedifican
1663 518 1722 573 a,
1782 495 1898 561 fuit
1943 497 2196 581 incepta,
2245 500 2308 561 &
2439 520 2450 536 ’
2577 516 2590 525 ·
2637 500 2660 515 ”“

266 586 547 649 maximis
600 586 671 647 a'e
714 582 973 649 onerofis
1022 583 1319 667 impensis,
1368 580 1685 669 prasertim
1713 604 1826 669 pro
1861 583 2038 669 lignis
2081 582 2312 669 groffis,

266 670 567 755 praedistae
606 670 914 737 struCturae
968 672 1280 737 necess'ario
1311 671 1804 755 congruentibuS,
1847 670 2028 755 longe
2069 673 2314 757 lateque

268 760 623 843 quaerendis,
652 759 713 821 ἃ
734 756 1081 823 difficultate
1110 779 1268 823 maxx
1302 760 1543 829 tandem
1575 760 1850 833 inventis,
1885 780 2101 843 magno
2125 760 2316 843 pretio

265 848 645 929 comparatis,
688 864 757 909 ac
788 867 891 929 per
922 860 1139 909 terram
1170 846 1229 907 81
1258 867 1362 931 per
1392 868 1552 911 mare
1578 846 1654 909 ad
1704 846 1814 927 Ely
1853 846 2149 922 addustis,
2206 867 2314 911 nec

269 952 397 997 non
425 934 485 995 St
514 954 619 1019 per
648 930 979 1015 ingeniosos
1007 930 1259 997 artifices
1291 930 1528 1019 sculptis
1573 954 1641 995 ac
1663 930 1984 1012 fabricatis,
2027 949 2213 1017 atque
2251 936 2314 998 in

262 1018 397 1105 ipso
424 1041 605 1104 opere
632 1017 941 1085 artificiose
969 1022 1339 1097 coadunatis,
1373 1018 1766 1085 honorificam
1788 1022 1845 1083 31
1870 1035 2160 1105 optatam,
2197 1022 2316 1087 deo

266 1108 613 1183 auxiliante,
658 1105 857 1171 sortita
890 1104 971 1171 est
1012 1106 1604 1173 consummationem.

362 1193 655 1279 Sumptus
688 1196 827 1257 novi
862 1194 1199 1275 campanilis
1230 1214 1331 1279 per
1362 1214 1467 1261 20.
1505 1214 1690 1259 annos
1726 1209 1992 1277 tempore
2017 1192 2195 1259 Alani
2223 1188 2312 1257 sa-

268 1278 460 1349 cristae
484 1285 677 1359 2406.
716 1282 777 1345 li.
812 1278 875 1345 6.
908 1277 1094 1357 solidi,
1151 1302 1249 1347 ιι.
1282 1282 1483 1345 denar:

360 1370 651 1453 Sumptus
680 1387 849 1431 novae
876 1390 1125 1433 camerae
1143 1372 1321 1453 juxta
1348 1366 1724 1433 infirmariam
1780 1388 1843 1453 3.
1886 1366 2054 1431 annis
2091 1367 2197 1436 60.
2241 1365 2310 1431 li.

280 1474 305 1518 1
324 1474 383 1535 7.
415 1452 521 1521 sol.
550 1478 617 1539 9.
645 1456 846 1518 denar:
876 1456 933 1517 &
959 1456 1063 1518 ob.
1152 1454 1155 1456 ’

360 1546 649 1623 Sumptus
676 1544 818 1606 novi
860 1545 1015 1607 muri
1050 1544 1227 1623 juxta
1258 1543 1674 1619 coemiterium,
1721 1562 1863 1605 eum
1889 1538 2038 1607 sedis
2082 1540 2307 1605 ibidem

270 1630 629 1714 perquifitis,
662 1649 779 1693 una
799 1650 937 1693 cum
956 1624 1392 1695 construaione
1416 1650 1700 1693 novarum
1723 1630 2057 1705 domorum,
2090 1630 2150 1693 &c
2168 1650 2308 1715 por-

272 1734 493 1792 tarum,
540 1720 599 1781 8τ
628 1737 943 1783 murorum
987 1738 1089 1801 per
1135 1720 1449 1783 circuitum
1495 1720 1559 1781 in
1595 1714 1908 1781 sacristaria
1935 1736 2042 1801 pet
2079 1734 2178 1781 12.
2205 1736 2311 1781 an·

272 1824 387 1871 nos
424 1808 565 1869 188.
613 1805 679 1867 li:
714 1822 813 1886 13.
844 1800 951 1867 sol:
1008 1824 1109 1867 11.
1141 1804 1343 1868 denar:

364 1896 551 1967 Crux,
582 1910 762 1975 qnam
790 1890 1056 1974 Edgarus
1085 1912 1188 1955 rex
1212 1892 1378 1955 dedit
1402 1891 1549 1957 ecel:
1583 1892 1774 1955 Elien:
1803 1886 1992 1967 furto,
2021 1908 2160 1955 cum
2183 1887 2314 1953 aliis

270 1982 657 2055 ornamentis,
704 1996 971 2061 ternpore
992 1978 1165 2041 Alani
1186 1976 1435 2043 sacristae
1462 1978 1706 2041 sublata.
2205 2024 2210 2027 -

362 2070 563 2129 Locus
596 2070 831 2129 nomine
859 2064 1255 2151 Qeneibour
1284 2068 1362 2130 ad
1391 2081 1620 2150 partem
1646 2060 1960 2129 australem
1989 2062 2166 2127 turris
2203 2081 2308 2127 ex·

276 2154 509 2219 terioris
536 2156 601 2218 in
630 2153 767 2236 Ely.

363 2244 534 2305 Crux
562 2240 785 2325 Edgari
814 2236 1038 2303 indicio
1066 2236 1215 2305 furis
1244 2238 1443 2303 relata.

364 2330 568 2393 Frater
594 2326 825 2391 Alanus
872 2348 950 2390 ex
990 2343 1159 2412 parte
1205 2326 1425 2390 boreali
1460 2328 1639 2410 juxta
1665 2324 1864 2389 villam
1909 2325 1972 2389 in
1999 2324 2246 2412 longum
2275 2319 2309 2389 i
2329 2332 2572 2400 Pae-871.

276 2415 607 2479 coemiterio
653 2413 999 2499 parochialis
1044 2415 1189 2478 eccl:
1232 2411 1415 2498 usque
1455 2416 1529 2480 ad
1557 2405 2312 2496 officium'eleernosynariae

274 2524 525 2568 murum
556 2505 745 2567 erexit
770 2502 1072 2586 lapideum
1104 2503 1353 2578 bonum,
1392 2503 1451 2566 &
1474 2504 1702 2578 altum3
1750 2502 1809 2564 «sc
1831 2500 2084 2566 alterum
2117 2503 2152 2566 ὰ
2178 2501 2316 2564 loco

277 2589 389 2654 ubi
415 2591 631 2673 incepit
660 2587 847 2672 usque
873 2590 947 2652 ad
977 2591 1265 2676 angulum
1293 2590 1538 2676 capellae
1568 2593 1625 2652 S.
1651 2591 1882 2663 Mariae,
1911 2590 2154 2670 cingens
2182 2607 2312 2652 mu-

276 2678 361 2742 tis
392 2692 591 2742 totum
626 2676 889 2741 officium
921 2673 1271 2742 sacristariae.

366 2767 623 2846 joannes
650 2763 725 2827 de
748 2763 1001 2828 Hothun
1030 2761 1335 2846 episcopus
1358 2762 1556 2826 Elien:
1585 2761 1838 2826 eontulit
1867 2761 2059 2826 Priori
2086 2759 2145 2826 ὅτ
2172 2781 2313 2834 cont

280 2853 489 2916 ventui
516 2851 593 2916 de
636 2851 751 2934 Ely
778 2850 1085 2936 quoddam
1125 2848 1455 2914 manerium
1496 2851 1560 2912 in
1604 2849 1991 2923 Northwold,
2035 2865 2319 2912 vocatum

282 2941 589 3024 Dngeney,
640 2959 749 3022 pro
774 2959 902 3022 quo
946 2939 1381 3002 excambiatum
1410 2933 1529 2998 fuit
1566 2956 1706 2998 cum
1737 2937 1982 3002 Thema
2015 2934 2090 2998 de
2119 2935 2316 3020 Chep-

282 3023 757 3110 bamquoddam
806 3025 969 3088 aliud
1010 3045 1229 3088 maner:
1260 3023 1323 3086 in
1353 3023 1644 3104 Litlebyri
1683 3025 1743 3086 in
1786 3022 1981 3098 Effax,
2025 3038 2308 3088 vocatum

276 3111 591 3190 Overhale,
652 3114 713 3176 ἃ
774 3111 1153 3190 Netherhale,
1220 3129 1361 3176 cum
1409 3107 1754 3186 Merecroft‚
1821 3109 1880 3172 &
1943 3111 2070 3174 aliis
2133 3107 2312 3196 perti·

282 3201 522 3264 nonnis.
1140 3253 1145 3256 .

368 3289 629 3368 joannes
658 3283 735 3350 de
762 3285 1017 3350 Hothun
1042 3281 1349 3370 episeopus
1378 3283 1506 3348 fieri
1533 3279 1673 3348 fecit
1700 3283 1860 3348 illam
1891 3301 2108 3348 novam
2134 3281 2318 3348 fabri-

280 3393 437 3448 cam,
484 3371 801 3458 pulchram
836 3374 1028 3450 valde,
1074 3375 1449 3456 incipienoem
1481 3372 1560 3434 ab
1587 3391 1767 3453 opere
1801 3371 1972 3436 bonae
2017 3371 2319 3436 memoriae

281 3463 557 3544 lingonis
605 3458 683 3524 de
726 3461 1143 3536 Northwolde,
1191 3461 1636 3543 protendentem
1667 3459 1743 3520 ad
1780 3479 2002 3524 novam
2029 3458 2315 3524 fabricam

285 3547 475 3624 chori,
500 3545 771 3630 expenfis
796 3567 989 3628 ²03⁴·
1009 3549 1139 3612 libr:
1174 3567 1273 3612 12.
1304 3545 1408 3610 sol:
1429 3551 1492 3608 8.
1515 3547 1896 3610 denariorum
1925 3547 2027 3610 ob=
2054 3545 2270 3628 quadr:

368 3635 539 3700 Sedit
566 3637 823 3712 joannes
852 3637 1105 3698 Hothun
1137 3636 1201 3698 in
1228 3631 1562 3716 episcopatu
1589 3653 1730 3698 ann:
1762 3631 1889 3699 fere
1921 3651 2024 3696 20.

370 3721 541 3785 Obiit
568 3721 1145 3870 apud6Somerflzam‚
1192 3721 1437 3806 paralysi
1480 3721 1794 3803 percussus,
1847 3721 1949 3782 18.
1975 3715 2108 3780 cal:
2137 3715 2313 3782 Febr:

278 3826 437 3872 auno
464 3811 545 3872 D.
588 3827 609 3868 ι
672 3828 703 3890 3
758 3855 775 3874 .

374 3896 563 3958 Dedit
580 3827 725 3958 egel:
748 3897 938 3960 Elien:
960 3897 1200 3962 mlicem
1224 3913 1489 3966 aureum,
1511 3893 1737 3958 &duos
1761 3890 2026 3956 urceolos
2045 3911 2278 3959 aureos.

376 3981 661 4066 Sepultus
686 3983 769 4046 est
797 3986 861 4046 in
888 3983 1028 4046 eccl:
1060 3985 1252 4046 Elien:
1294 3981 1371 4044 ad
1402 3997 1622 4064 partem
1651 3979 1994 4044 orientalem
2035 3978 2231 4041 altaris
2259 3982 2322 4042 in

288 4069 477 4132 choro
504 4069 701 4133 versus
734 4091 891 4154 mag:
928 4071 1127 4146 altare,
1175 4067 1283 4134 sub
1310 4068 1570 4152 quadam
1613 4069 1856 4150 pulchra
1899 4065 2192 4132 structura
2235 4067 2318 4130 la·

288 4155 486 4241 pidet,
530 4175 669 4224 cum
696 4157 951 4245 imagine
978 4155 1228 4244 episcopi
1264 4156 1339 4222 de
1378 4153 1662 4220 alabastro
1691 4154 1866 4240 super
1896 4153 2220 4220 tumulum.
2261 4193 2268 4199 -

2218 4335 2450 4412 Ex,
