2975 4800
411 197 1058 290 ANT1QUAR1
1089 201 1149 262 1·
1206 191 2071 264 co·LLEcTANEA.

241 321 398 391 int-te
411 327 662 390 Wallici
684 323 1048 410 insurgerent
1069 350 1088 388 ε
1133 327 1194 389 8τ
1219 327 1305 389 illi
1331 328 1392 390 in
1421 325 1787 411 parlamento
1814 325 2099 392 dixerunt
2126 323 2185 394 fe
2212 328 2291 394 de

239 411 450 478 scurris
479 413 889 498 nudipedibus
915 433 1035 476 non
1065 433 1294 476 curare.

323 505 460 565 Hoc
503 521 668 564 anno
707 504 874 565 venit
923 503 984 564 in
1016 501 1202 585 Angh
1243 497 1925 584 Constantinopolitanus
1965 503 2289 585 imperator

235 609 376 654 eum
405 587 798 672 indulgentiis
821 608 1005 672 papae,
1035 589 1098 649 81
1115 587 1354 672 collegit
1374 607 1573 664 4000.
1602 589 1910 660 librarum,
1942 591 2162 672 quibus
2178 609 2291 660 rex

239 677 536 738 Henricus
567 677 820 739 totidem
845 676 1096 750 addidit,
1143 677 1200 739 ἃ
1231 675 1310 738 sic
1338 695 1478 738 eum
1507 676 1725 740 dimisit
1754 674 2068 760 persolutis
2096 681 2287 744 omni-

241 763 354 826 bns
379 765 512 842 ejus
539 764 604 824 in
627 763 852 846 Anglia
879 761 1176 846 impensis.

323 853 512 912 Anno
529 854 614 914 D.
659 869 848 928 ¹40¹·
893 851 1130 913 Wsllici
1159 867 1364 913 cont-ra
1392 869 1591 934 regem
1614 851 1939 914 Hem-icum
1974 849 2289 932 rebellant,

237 937 298 1000 ἃ
323 937 486 1000 bona
505 937 908 1022 Anglicorum
936 937 1204 1021 undique
1231 937 1539 1020 diripiunt.
1628 940 1761 1000 Rex
1790 953 1990 1002 autem
2024 937 2293 1004 tmnsivit

243 1025 302 1088 in
333 1023 624 1088 walliam
675 1024 990 1101 borealem,
1047 1027 1108 1087 δε
1153 1021 1400 1087 insulam
1445 1023 1527 1086 de
1564 1021 1877 1108 Anglesey,
1923 1027 2031 1090 ubi
2078 1023 2291 1090 stane·

245 1113 508 1174 Minores
541 1113 618 1174 de
651 1127 946 1176 conventu
983 1111 1286 1187 Lamasiae,
1333 1113 1394 1174 8³
1420 1110 1655 1173 Wallici
1684 1131 1823 1174 cum
1866 1113 1991 1178 aliis
2030 1115 2155 1198 regi
2195 1134 2289 1178 re·

245 1196 562 1262 sistebantz
607 1198 826 1263 &ideo
861 1201 1152 1264 exercitus
1179 1199 1336 1284 regis
1355 1195 1565 1262 fmtree
1591 1198 1955 1277 occidebant,
2000 1220 2075 1264 ac
2100 1204 2289 1285 cupti-
2400 1199 2407 1208 ’

241 1287 484 1360 ubam,
539 1307 614 1350 ac
649 1301 1012 1350 conventum
1036 1283 1402 1368 spoliabautz
1469 1287 1530 1348 &
1555 1287 1859 1350 Audo'e‘no
1884 1308 2005 1351 non
2046 1308 2291 1373 compa-

245 1391 406 1436 rente
451 1376 774 1438 reret-titur
823 1393 974 1438 rex=
1040 1375 1100 1436 &
1129 1377 1233 1438 D·.
1271 1373 1326 1438 le
1351 1377 1522 1455 Gray
1550 1393 1725 1448 manu
1768 1376 1927 1456 cepit
1974 1377 2287 1442 tuitionem

247 1463 474 1544 patriae.
566 1463 704 1526 Rex
733 1481 878 1524 vero
909 1461 1156 1525 tradidit
1182 1458 1398 1525 fratres
1425 1463 1773 1542 captivatos,
1818 1463 1879 1523 δε
1897 1461 2058 1541 jusiit
2084 1464 2288 1527 omniu

247 1548 468 1611 restitui
495 1550 840 1624 conventui,
883 1549 944 1610 8τ
967 1549 1160 1614 voluit
1179 1548 1346 1633 quod
1373 1565 1694 1614 conventus
1720 1547 1821 1611 ille
1848 1550 2287 1615 inhabitaretur

247 1637 322 1699 ab
345 1635 620 1720 Anglicis
647 1634 952 1700 ftatribus.

329 1728 462 1788 Hoc
507 1743 669 1788 anno
707 1721 958 1807 quidam
1005 1719 1186 1786 frater
1229 1721 1432 1786 Minor
1471 1719 1807 1807 praedicavit
1849 1723 1911 1786 in
1957 1721 2287 1789 Northfolk

246 1809 494 1886 d’uzeus,⁹
517 1810 890 1875 Richardum
918 1831 1118 1894 regem
1143 1809 1362 1874 vivere.
2190 1833 2199 1844 ·

329 1901 464 1962 Hoc
489 1919 658 1962 anno
672 1897 1002 1962 Audoe‘nus
1029 1899 1106 1961 de
1131 1895 1432 1960 Glindour
1461 1899 1581 1960 D2.
1614 1896 1675 1960 le
1695 1899 1859 1979 Gray
1878 1897 2039 1960 bello
2064 1898 2242 1980 cepit.

331 1988 466 2050 Hoc
493 2007 654 2050 anno
679 1989 956 2070 Rogerus
985 1983 1350 2069 Claringdon
1388 1983 1579 2061 miles,
1624 1985 1885 2068 ac.prior
1912 1984 1989 2046 de
2012 1985 2287 2060 Launde,

249 2073 310 2136 ἃ
331 2073 476 2137 ocio
501 2072 712 2137 fratta
741 2074 1008 2136 Minores
1022 2067 1273 2154 suspensi
1304 2069 1462 2136 sunt.

331 2163 520 2224 Anno
547 2160 650 2225 nt,
689 2179 880 2239 1402.
907 2161 968 2222 ἃ
997 2179 1056 2242 3.
1101 2179 1262 2222 anno
1279 2159 1519 2222 Henrici
1549 2155 1809 2242 populus
1838 2159 2059 2243 incepit
2086 2177 2289 2243 regem

251 2251 506 2333 graviter
525 2245 702 2324 ferre,
745 2250 806 2311 8(
835 2247 1202 2311 Richardum
1221 2245 1566 2318 desiderare.

329 2339 534 2401 Frater
559 2337 768 2401 Minor
795 2335 873 2401 de
899 2334 1208 2419 Aylesbyri
1253 2333 1607 2419 proditionis
1646 2331 1837 2399 vietus
1866 2327 2165 2419 suspensus
2203 2330 2290 2401 est

251 2426 406 2509 apud
429 2425 752 2507 Tybnrne.

333 2514 470 2575 Hoc
517 2532 678 2575 anno
718 2507 990 2595 magister
1025 2506 1277 2573 fratrum
1321 2509 1631 2573 Minorum
1670 2507 2003 2573 Leicestriae
2044 2508 2290 2591 proditi·
2320 2528 2481 2577 Frater
2498 2544 2589 2578 no-

251 2602 378 2663 nnis
405 2598 602 2680 vietus
627 2597 734 2674 est,
779 2600 842 2663 8:
879 2594 1184 2681 suspensus
1219 2598 1384 2681 apud
1413 2597 1711 2673 Tiburne,
1759 2614 1881 2660 una
1922 2616 2062 2659 cum
2110 2594 2293 2659 fratre
2318 2592 2431 2642 thus
2453 2594 2543 2641 Ri-

253 2690 406 2772 regis
431 2686 722 2751 Richardi
749 2684 832 2752 2¹.
861 2704 940 2749 ex
965 2684 1299 2749 concubina
1325 2685 1552 2767 genito.

331 2778 574 2839 Rumor
595 2774 888 2839 excitatus
917 2792 1022 2857 per
1049 2774 1202 2837 dnos
1229 2764 1531 2855 Jacobitas
1558 2769 1727 2856 quod
1747 2767 2085 2834 Richardus
2115 2782 2202 2835 2⁸.
2232 2770 2295 2833 in

253 2864 448 2927 scotia
473 2864 718 2925 viveret.

333 2952 522 3013 rama
573 2948 722 3032 pub:
765 2962 900 3011 erat
923 2944 1134 3011 fratres
1163 2947 1430 3010 Minores
1459 2942 1668 3009 misisse
1706 2964 1983 3029 magnam
2010 2940 2295 3008 summam

259 3039 522 3119 pecunie
551 3034 854 3100 Audo‘e'no
880 3034 1208 3108 Glindour,
1251 3048 1322 3095 ut
1349 3032 1410 3093 in
1435 3033 1625 3114 Angl:
1656 3036 1901 3097 veniret.
2274 3049 2279 3053 ·

2317 2658 2477 2707 chat-di
2500 2660 2565 2708 ai.

331 3126 466 3189 1¹1oe
491 3142 654 3187 anno
665 3122 1001 3188 Audo'e'nus
1021 3120 1325 3185 Glindonr
1351 3120 1507 3202 oepit
1526 3118 1917 3183 Edmundum
1945 3119 2022 3183 dc
2042 3124 2291 3183 Mortuo
2321 3146 2431 3211 Pag.
2460 3149 2567 3207 3⁸7·

253 3214 414 3287 meri,
461 3212 672 3275 multis
695 3209 912 3297 Anglis
937 3209 1014 3275 de
1041 3207 1312 3271 Marchia
1335 3205 1567 3269 Walliae
1592 3204 1935 3270 interfeftis.

335 3302 470 3363 Rex
521 3295 816 3363 Heuricus
863 3312 1228 3381 congregato
1257 3300 1526 3358 exercitu
1566 3293 1826 3357 transivit
1870 3292 1937 3356 in
1978 3292 2285 3369 walliam,

255 3386 354 3451 ubi
383 3384 836 3469 prohibentibus
861 3404 1026 3449 max:
1059 3380 1501 3466 tempestatibus
1530 3382 1591 3443 in
1630 3381 1963 3462 Septembri
1998 3382 2290 3445 tonitruo-

255 3492 408 3547 rum,
457 3476 520 3539 ἃ
557 3472 869 3548 imbrium,
913 3472 974 3533 ἃ
1000 3470 1329 3555 grandinis,
1373 3470 1642 3551 equitare
1675 3488 1791 3533 non
1836 3484 2185 3552 potuerunt,
2226 3468 2289 3531 δι

253 3564 426 3625 multi
455 3560 532 3625 de
555 3562 822 3624 exercitu
851 3557 1076 3643 frigore
1099 3556 1321 3620 mortui
1351 3552 1508 3629 suut.
1546 3572 1553 3579 ·

333 3652 472 3712 Hoc
497 3666 662 3711 anno
687 3666 826 3729 rege
851 3644 1133 3709 existente
1153 3644 1214 3707 in
1231 3642 1450 3706 Wauia
1468 3642 1631 3707 Scoti
1652 3641 1995 3724 irruperunt
2022 3643 2081 3703 in
2102 3640 2285 3723 Angl:

259 3736 368 3799 Sed
411 3754 616 3800 comes
647 3732 1048 3799 Northumbr:
1087 3732 1150 3793 ec
1175 3730 1466 3795 Henricus
1510 3732 1696 3811 Percy
1727 3728 1887 3792 filius
1920 3730 2047 3809 ejus
2093 3728 2290 3789 valens

255 3822 412 3887 miles
439 3822 789 3905 pugnabant
835 3840 974 3885 cum
1001 3819 1108 3895 eis,
1151 3820 1211 3881 &
1237 3832 1522 3900 ceperunt
1547 3818 1793 3881 comites
1828 3834 2059 3892 comm,
2104 3816 2163 3877 81
2190 3814 2291 3877 de·

257 3928 378 3973 eun
407 3910 594 3973 millia
633 3930 714 3973 ex
741 3908 966 3973 Scottis
999 3902 1441 3969 interfecerunt.

337 4000 470 4061 Hoc
503 4016 662 4059 anno
711 4015 818 4059 rex
876 3993 1168 4057 Henricus
1217 3987 1584 4075 desponsavit
1635 3990 1902 4055 relistam
1942 3990 2183 4069 Joannis
2214 3988 2292 4053 de

261 4081 628 4159 Monteforti,
671 4081 956 4149 dueiffim
995 4080 1330 4156 Britanniae,
1373 4080 1557 4142 filiam
1602 4080 1757 4165 regis
1784 4082 2081 4153 Navarrae,
2128 4076 2293 4159 apud

267 4170 646 4235 wintonium.

339 4260 466 4327 noc
487 4278 644 4325 anno
665 4260 764 4325 Du
789 4256 1048 4339 deGray
1064 4254 1226 4341 gravi
1255 4252 1655 4337 redemptione
1672 4246 1860 4317 soluta
1878 4250 2164 4319 liberatus
2161 4246 2296 4395 ἕξις
