2975 4800
431 195 1138 288 ANTIQUARII
1217 150 2075 274 ,οοῑζιΕετ-ΑΝΕΑ.
2486 219 2615 302 ³¹³

247 348 382 410 ,mos
405 333 564 416 regis
591 329 888 404 custodes,
932 329 1288 394 iuterficiens
1338 332 1613 394 comitem
1647 331 1994 407 Staffordiae,
2042 333 2103 394 δε
2146 332 2291 396 alios

255 421 474 483 multos
517 420 582 484 in
611 417 965 481 fortitudine
1016 419 1306 480 exercitus
1333 421 1509 502 regis.
1598 423 1679 481 Et
1720 418 1841 502 ipse
1870 421 1933 480 in
1962 419 2078 482 fine
2120 419 2288 502 quali

252 504 408 608 folus
447 503 608 610 stans
653 509 714 568 81
759 501 1068 568 conclusus
1113 504 1462 570 trucidatur.
1558 510 1644 569 At
1670 508 1964 572 exercitus
2014 508 2140 592 ejus
2169 509 2285 580 hoc

255 589 962 763 ns913252281122Podington
989 699 1065 742 ex
1096 693 1257 763 parte
1287 680 1525 742 Henrici
1552 679 1869 746 occiditur.

329 769 618 830 Thomas
645 769 830 847 Percy
856 769 1090 849 capitur
1119 768 1179 829 &
1207 768 1555 830 decollatur.
2318 749 2541 803 Th⁰m⁸⁵

331 857 632 918 Hem-icus
677 857 862 936 Percy
908 869 1180 917 mortuus
1228 854 1576 928 decollatur,
1623 874 1698 916 ne
1732 849 1818 916 sui
1848 854 2110 918 dicerent
2154 873 2291 917 eum
2316 822 2567 932 2⁸3⁶&ss-

251 941 466 1015 vivere,
510 943 572 1004 81
601 955 780 1020 caput
807 942 932 1021 ejus
961 938 1136 1023 super
1163 957 1398 1024 portam
1431 943 1697 1008 Eborum
1730 942 1992 1023 ponitur.
2153 939 2157 943 ⁴
2315 963 2457 1016 goi-n:
2478 943 2623 1004 securi

337 1028 591 1090 Pastum
623 1027 704 1089 est
734 1029 850 1090 hoc
876 1027 1100 1092 bellum
1123 1031 1183 1090 in
1212 1029 1387 1091 nocte
1411 1033 1470 1090 S.
1493 1030 1879 1112 Magdalenae.
1972 1033 2053 1092 Et
2071 1025 2296 1090 cecide·
2321 1013 2568 1080 percursus,

253 1130 414 1188 runt,
459 1131 530 1178 ut
552 1113 784 1178 dictum
801 1115 904 1190 est,
955 1119 1142 1178 1600.
1186 1117 1318 1189 viri,
1363 1118 1423 1177 Sc
1451 1137 1557 1178 rex
1584 1115 1701 1180 fuit
1730 1119 1790 1180 in
1818 1137 1975 1200 mag:
2007 1115 2297 1200 pericu10,

257 1203 312 1263 ἃ
341 1203 616 1284 princeps
642 1203 876 1264 walliae
905 1203 1246 1265 vulneratus
1273 1203 1422 1265 facie
1445 1203 1671 1287 sagitta.

337 1291 618 1352 Bon-cales
645 1289 856 1351 milites
891 1291 950 1350 8<
977 1291 1271 1372 armigeri,
1317 1292 1427 1372 qui
1466 1290 1707 1360 fuerunt
1750 1289 1811 1350 in
1849 1289 2010 1353 bello
2053 1289 2289 1354 Hentici
2318 1319 2433 1388 rag.
2462 1321 2570 1378 339,

253 1378 458 1458 Pet-cy,
501 1377 812 1440 redierunt
843 1378 906 1458 in
943 1377 1462 1453 Northumbriam,
1508 1377 1843 1442 claudentes
1897 1375 1955 1441 se
2002 1381 2065 1441 in
2095 1375 2291 1442 castris

255 1463 504 1537 ibidem,
553 1483 671 1526 nou
703 1463 1070 1526 confidentes
1098 1466 1156 1526 in
1187 1465 1378 1544 gratia
1422 1466 1598 1548 regis.

338 1553 474 1613 Hoc
499 1571 661 1612 anno
689 1570 793 1612 rex
822 1549 1048 1612 transiit
1079 1552 1140 1614 in
1165 1551 1461 1628 walliam,
1510 1554 1570 1616 &
1596 1552 1739 1640 quia
1768 1567 1919 1616 terra
1950 1550 2031 1618 est
2060 1551 2291 1640 inequi-

259 1635 454 1699 rabilis
483 1639 610 1699 cito
635 1641 969 1704 revertitur.

339 1724 702 1788 Edmundus
725 1725 800 1787 de
821 1727 1212 1787 Mortuomari
1235 1726 1294 1786 in
1307 1725 1521 1788 Wallia
1552 1747 1671 1788 non
1692 1726 1885 1790 valens
1911 1723 1965 1790 se
1984 1726 2294 1802 redimere,

257 1809 406 1874 dixit
437 1807 500 1872 se
529 1831 834 1894 nunquam
875 1813 1022 1874 velle
1051 1809 1268 1875 subess‘e
1312 1810 1420 1874 sub
1449 1817 1704 1876 Henrico
1730 1835 1871 1895 rege
1901 1839 1915 1874 ε
1981 1812 2075 1875 sed
2108 1813 2294 1878 filiam

253 1899 537 1960 Audoeni
569 1899 828 1960 Glindor
853 1919 992 1961 curn
1031 1920 1186 1981 mag:
1221 1896 1567 1962 solennitate
1593 1902 1771 1962 duxit
1798 1905 1855 1962 in
1894 1921 2163 1961 uxorem.

340 1987 562 2048 Comes
581 1985 979 2048 Northumbr=
1011 2003 1176 2067 pater
1204 1989 1437 2052 Henrici
1463 1989 1665 2067 Percy,
1702 1987 1973 2064 promissa·
1996 1984 2313 2047 securitate·

253 2075 416 2134 venit
459 2073 534 2134 ad
589 2075 912 2136 Hemicum
957 2093 1150 2155 regem
1203 2077 1426 2148 dicem,
1473 2075 1643 2162 quod
1678 2072 1836 2136 filius
1886 2071 2021 2140 suus
2066 2074 2193 2136 haec
2236 2073 2299 2137 δε

257 2159 452 2222 multa
477 2159 594 2222 alia
615 2157 756 2222 fecit
779 2159 899 2222 fine
921 2157 1026 2224 suo
1051 2159 1314 2228 consilio.

345 2248 480 2308 Hoc
499 2266 658 2310 anuo
677 2249 998 2327 ejiciuntur
1027 2245 1059 2311 a
1087 2268 1268 2330 regno
1289 2267 1352 2311 2.
1376 2247 1515 2310 filiae
1536 2247 1766 2330 reginae,
1798 2249 1857 2310 &
1879 2267 2081 2310 omnes
2098 2247 2303 2314 alieni·

261 2353 444 2418 geta,
473 2335 583 2419 qui
601 2349 887 2397 venerant
907 2355 1044 2413 cum
1067 2354 1154 2409 ea,
1189 2336 1329 2418 quia
1353 2337 1601 2399 domurn
1628 2336 1841 2421 regiam
1866 2337 2208 2402 onerabant.

345 2424 479 2483 Hoc
505 2440 662 2484 anno
688 2423 834 2484 dum
865 2443 966 2485 rex
1007 2423 1143 2485 effet
1195 2424 1256 2485 in
1308 2422 1687 2505 parlamentO,
1733 2425 1967 2493 wallici
2020 2420 2290 2491 combus-

262 2504 458 2572 serunt
482 2529 760 2592 magnam
791 2526 1018 2591 partem
1044 2510 1246 2572 comit:
1294 2510 1559 2593 Salapiae.

347 2598 528 2663 Anno
549 2599 632 2660 D.
671 2616 859 2675 1404.
907 2597 968 2659 &
999 2616 1064 2675 4.
1095 2612 1250 2658 anno
1281 2600 1517 2660 Henrici
1565 2598 1721 2679 regis
1748 2598 2079 2660 Audo'e‘nus
2128 2598 2301 2661 Glin-

265 2680 454 2745 doure
485 2698 680 2765 partes
705 2682 984 2747 australes
1035 2684 1264 2746 Wauiae
1295 2686 1573 2759 incendit,
1620 2688 1680 2747 8c
1722 2686 1919 2747 villam
1951 2687 2025 2745 de
2054 2682 2301 2763 Caii-dif,

265 2770 326 2841 ,δε
349 2768 606 2833 castrum
633 2769 884 2835 obsedit.
971 2773 1094 2863 Qi
1123 2792 1264 2833 vero
1293 2772 1450 2834 intus
1489 2788 1657 2841 erant
1690 2770 1965 2835 miserunt
1994 2771 2067 2831 ad
2100 2792 2301 2853 regem

267 2874 532 2941 petentes
574 2858 886 2919 auxilium.
979 2859 1093 2921 Sed
1125 2856 1244 2941 ipse
1273 2860 1577 2932 mevenit,
1618 2879 1729 2921 nec
1751 2855 2081 2920 succursum
2126 2857 2302 2923 mifit.

265 2944 602 3008 Audoe’nus
629 2946 827 3007 viilam
876 2947 1034 3028 cepit
1079 2946 1140 3007 8<
1190 2946 1473 3019 incendit,
1522 2962 1733 3027 praeter
1781 2966 1970 3011 unum
2002 2946 2197 3007 vicum
2240 2946 2305 3007 iu

263 3052 390 3115 quo
415 3030 624 3093 fratres
667 3034 933 3095 Minores
963 3032 1352 3105 habitabant3
1413 3054 1595 3113 quem
1636 3054 1833 3095 amore
1866 3030 2117 3094 fratrum
2164 3052 2303 3105 cum

265 3133 562 3183 conventu
593 3116 740 3181 stare
771 3120 1050 3201 permisit.
1140 3122 1317 3203 Cepit
1343 3116 1464 3183 insu
1474 3142 1577 3201 per
1604 3118 1877 3195 castrum,
1910 3118 1967 3185 δι
1993 3118 2303 3208 destruxit,

271 3202 606 3289 multasque
635 3204 866 3269 divitias
901 3207 984 3269 ibi
1017 3206 1296 3287 repositas
1325 3206 1584 3291 anstulit.
1672 3210 1747 3267 Et
1776 3228 1909 3268 cum
1954 3205 2164 3269 fratres
2193 3210 2311 3269 Mi·-
2362 3207 2364 3210 ’

269 3313 442 3357 nores
489 3308 761 3376 peterent
807 3293 885 3359 ab
927 3314 1002 3357 eo
1043 3294 1228 3357 l.bros
1273 3292 1405 3357 suos
1445 3296 1521 3359 .&
1573 3293 1803 3369 caliceS,
1852 3316 2003 3377 quos
2032 3296 2093 3355 in
2123 3292 2313 3361 castro

269 3376 676 3461 deposuerant,
695 3374 1013 3463 respondit,
1065 3388 1104 3417 ‘⁴
1127 3386 1331 3465 Qare
1353 3378 1613 3461 posuistis
1626 3380 1809 3444 vestra
1830 3382 1983 3444 bona
2002 3382 2061 3452 in
2079 3380 2307 3451 castro?

271 3474 320 3507 ⁴⁸
361 3468 426 3531 Si
454 3487 526 3529 ea
553 3466 920 3531 retinuissetis
947 3468 1106 3551 apud
1140 3488 1263 3543 voe,
1310 3464 1462 3531 salva
1489 3470 1663 3531 vobis
1690 3466 1983 3531 fuissent.”

357 3556 492 3623 Hoc
535 3574 694 3616 anno
721 3552 882 3619 filius
911 3555 1190 3619 Audo²5ni
1235 3555 1539 3617 Glindour
1566 3556 1641 3617 ab
1670 3558 1931 3639 Angiicis
1960 3556 2210 3635 capitur,
2257 3556 2317 3617 Se
2336 3562 2485 3643 Fit-luy
2514 3561 2609 3643 §13-

273 3640 336 3703 in
367 3642 572 3705 turrim
605 3641 888 3703 Londont
922 3641 1200 3703 mittitur.
1290 3644 1473 3704 Tunc
1504 3642 1747 3705 heredes
1777 3644 2006 3705 comitis
2030 3644 2311 3703 Marchiae
2332 3630 2472 3745 goem
2496 3628 2641 3741 ‘⁷¹¹2‘

271 3728 400 3793 duo
423 3726 528 3797 filii
559 3726 872 3795 existentes
900 3731 960 3790 in
987 3730 1210 3789 Warda
1241 3729 1414 3810 tegis,
1461 3750 1611 3811 quos
1640 3730 1886 3811 quidam
1917 3730 2195 3793 dixerunt
2218 3750 2311 3791 ve·
2364 3707 2599 3769 ‘'utem“
2622 3726 2639 3747 '
2683 3776 2689 3786 .

275 3834 374 3877 ros
399 3814 646 3879 heredes
675 3816 842 3897 regni
873 3816 1056 3897 Angl:
1087 3816 1166 3877 de
1200 3818 1470 3895 proxima
1518 3815 1669 3882 linea
1698 3818 1773 3879 de
1802 3818 1979 3898 stirpe
2016 3814 2123 3877 D¹.
2158 3820 2313 3881 Leo-

275 3902 432 3975 nelli,
478 3900 728 3967 abducti
756 3898 1003 3965 fuerunt
1032 3900 1065 3962 ὲ
1092 3904 1252 3965 curia
1285 3904 1436 3985 regis
1468 3924 1569 3984 per
1598 3904 1895 3986 quandam
1928 3904 2315 3979 Damicellam

279 3988 356 4052 de
376 4008 602 4053 camera
625 3991 864 4071 reginae,
889 3990 948 4053 8:
971 3984 1093 4071 ipsa
1118 3987 1403 4055 accusavit
1427 3989 1501 4052 de
1524 3990 1637 4057 hoc
1656 3991 1865 4053 ducem
1884 3992 2179 4061 Eburum.
2238 3995 2319 4067 Et

281 4074 410 4138 dux
435 4077 498 4138 in
525 4072 718 4139 castro
735 4076 811 4138 de
832 4074 1152 4157 Pevenesey
1181 4078 1547 4159 aliquamdiu
1572 4078 1843 4141 detentus
1870 4068 1973 4142 est.
2066 4080 2211 4143 Dux
2234 4093 2319 4143 tit-

283 4182 416 4225 men
445 4162 748 4225 excusavit
781 4160 854 4237 se,
898 4162 1120 4235 dicens»,
1168 4164 1334 4245 quod
1376 4161 1495 4247 ipse
1520 4161 1681 4227 scivit
1717 4164 1883 4246 quod
1933 4164 2319 4239 allicerentur,
2346 4180 2459 4247 rag,
2490 4192 2601 4249 39⁹»

283 4250 344 4311 ἃ
373 4252 745 4331 praemunivit
773 4248 849 4312 de
877 4248 991 4312 hoc
1017 4270 1236 4335 regem.

371 4340 569 4405 Tou.
605 4357 666 4401 ι.
711 4336 848 4400 Par.
885 4354 943 4399 2.
1379 4338 1434 4397 R
1467 4358 1496 4399 r
2188 4337 2323 4410 ,1102
