2975 4800
299 170 447 271 βπ

983 146 2427 249 ]οΑΝΝῙειΕιᾸΝοῙ“

658 300 905 376 dextris,
952 303 1011 363 81
1042 320 1103 365 2.
1135 299 1171 362 ὲ
1210 299 1468 377 sinistris,
1515 296 1728 384 posuit,
1772 320 1914 384 quae
1957 300 2018 363 &
2065 300 2128 365 in
2171 298 2476 364 deditione
2527 294 2696 365 Gal:

654 392 808 473 regis
836 386 1199 461 excrustatae,
1230 390 1290 451 &
1306 408 1556 473 quaeque
1578 388 1820 451 meliora
1845 386 1990 451 eccl:
2019 402 2356 452 ornamenta
2383 386 2606 450 ablate.

740 480 854 539 Hic
902 476 1047 537 eccl:
1096 472 1425 557 Elyensem,
1469 476 1614 538 olim
1647 474 1681 536 ὲ
1725 476 1910 537 Danis
1947 473 2325 550 destructam,
2367 476 2430 535 ἃ
2465 473 2692 539 leviter

658 562 855 645 postea
887 580 1235 643 reparatam,
1280 563 1439 625 velut
1482 582 1562 625 ex
1603 563 1836 643 integro
1859 580 2072 625 novam
2097 557 2260 625 fecit.
2349 562 2467 625 Hic
2497 564 2692 627 etiam

508 654 513 659 ’
624 710 627 716 ,
652 647 945 711 transtulit
974 646 1185 729 eorpus
1216 650 1277 713 S.
1302 648 1676 731 Withburgae
1704 649 1779 709 de
1807 646 2102 711 Dereham
2128 648 2204 711 ad
2233 646 2368 727 Ely.

302 988 441 1065 2⁸8·
454 998 577 1099 ¹⁸5⁷·

734 736 1113 817 Withburga,
1148 737 1387 799 minima
1412 750 1556 799 natu
1587 736 1840 797 filiarum
1883 737 2076 797 Ann'ae
2117 734 2269 825 regis
2310 733 2570 807 enutrita
2613 733 2692 799 in

644 824 780 885 vico
808 823 881 883 de
928 824 1205 899 Holkam,
1250 823 1357 886 ubi
1406 819 1602 907 postea
1645 820 1883 885 ecclefia
1911 819 2265 897 construeta,
2307 839 2447 905 quae
2472 819 2692 885 With-

650 908 990 991 burgestow
1019 925 1282 971 vocatur.
2719 908 2728 919 ‘

736 996 1122 1077 withburga,
1184 990 1387 1057 audito
1436 996 1625 1075 patris
1673 995 1944 1071 interitu,
1997 993 2116 1058 and
2143 991 2690 1064 sanctimonialium

638 1080 879 1170 professa
912 1080 1209 1163 confugit.

730 1167 1033 1235 Recedens
1062 1168 1137 1231 ab
1168 1166 1427 1231 Holkam
1452 1162 1618 1249 quasi
1659 1186 1762 1233 20.
1791 1166 2148 1233 milliaribus
2175 1169 2333 1233 venit
2371 1168 2451 1232 ad
2479 1172 2696 1234 Dete-e

644 1257 809 1331 ham,
856 1254 1145 1319 humilem
1194 1256 1399 1319 locum
1424 1256 1652 1338 paterni
1680 1258 1855 1336 juriS,
1907 1256 2010 1320 ubi
2039 1253 2367 1320 monaster:
2417 1256 2692 1323 condere

644 1342 765 1411 sata
811 1343 971 1407 ebat.
1316 1370 1343 1413 ,-

735 1365 901 1493 ἐὺὶἰε
954 1427 1313 1511 Withburga
1370 1427 1471 1492 16.
1513 1424 1646 1491 Cal:
1691 1430 1846 1512 Aprz
1897 1430 1959 1491 8τ
2005 1429 2068 1493 in
2112 1429 2442 1495 coemiterio
2485 1432 2688 1496 Dere-

640 1516 947 1583 'hamenfis
978 1516 1120 1580 eccl:
1152 1511 1371 1597 sepulta
1396 1512 1501 1578 est.

735 1602 872 1667 Post
901 1622 1081 1665 annos
1110 1621 1312 1664 autem
1344 1618 1446 1683 ςς.
1478 1602 1538 1663 in
1565 1598 1884 1675 ecclefiam,
1919 1622 2100 1685 quam
2130 1600 2251 1687 ipsa
2277 1600 2500 1669 ibidem
2529 1622 2687 1667 cou-

646 1691 898 1763 diderat,
946 1688 1291 1753 transsatum
1318 1684 1401 1751 est
1428 1706 1589 1751 anno
1615 1690 1698 1748 D.
1734 1692 1881 1769 798.
1915 1689 2065 1753 &in
2103 1689 2384 1774 praediaa
2407 1690 2558 1755 eccl:
2586 1712 2684 1753 re-

608 1850 620 1858 ,
648 1778 881 1859 quievit
912 1779 1079 1839 annis
1110 1775 1252 1847 176.
1300 1774 1379 1836 Et
1404 1793 1559 1835 anno
1588 1776 1669 1837 D.
1703 1794 1854 1855 974.
1901 1777 2165 1839 transsata
2214 1774 2350 1841 sunt
2381 1778 2509 1858 ejus
2557 1778 2683 1841 ossa

647 1865 765 1945 Ely
792 1868 853 1927 8.
890 1864 980 1926 Id:
1014 1861 1139 1945 Jul:
1170 1863 1229 1923 &
1260 1861 1432 1942 juxta
1476 1858 1756 1944 reliquias
1783 1860 2054 1927 sororum
2081 1860 2316 1928 suarum
2359 1864 2682 1941 collocata,

646 1952 853 2035 ibique
882 1951 1223 2033 requierunt
1268 1964 1408 2030 132.
1440 1949 1608 2010 annis
1635 1945 1820 2032 usque
1847 1948 1923 2012 ad
1953 1970 2173 2013 annum
2205 1954 2289 2012 D.
2333 1949 2519 2019 1106.
2548 1972 2683 2035 quo

640 2052 917 2122 tempore
946 2040 1128 2103 abbas
1156 2034 1492 2099 Richardue
1537 2036 1599 2097 in
1645 2054 1876 2099 novum
1921 2036 2342 2101 monasterium
2385 2058 2458 2102 a
2489 2036 2678 2105 trans-

549 2175 558 2182 .
580 2148 591 2183 ,·
640 2124 807 2187 tulit.

732 2213 891 2273 Fons
914 2212 976 2273 S.
1006 2208 1390 2293 Withburgae
1419 2208 1581 2292 apud
1611 2208 1936 2272 Det-eham.

730 2298 1123 2378 Brightnotus
1150 2316 1387 2359 crucem
1414 2316 1489 2357 ex
1519 2312 1767 2379 argento
1786 2294 1942 2371 fecit,
1972 2316 2110 2379 quae
2135 2316 2287 2362 crux
2313 2296 2502 2365 leonis
2527 2318 2682 2383 prae·

548 2434 561 2444 .
642 2381 826 2468 positi
874 2382 1035 2445 diista
1077 2379 1181 2460 est,
1246 2401 1431 2466 quam
1478 2382 1752 2472 Nigellus
1797 2380 2105 2469 episcopus
2153 2386 2232 2450 de
2279 2386 2424 2452 eccl:
2475 2386 2682 2473 pol&

311 4113 451 4198 ξιξ.
464 4113 587 4184 85⁸.

595 2542 603 2550 ,
640 2469 983 2554 asportavit.

640 2589 645 2598 ·
735 2561 915 2620 Anno
937 2559 1018 2620 D.
1045 2559 1126 2640 98
1142 2575 1195 2620 1.
1224 2555 1618 2641 Brightnotus
1647 2553 1950 2638 profe&us
1977 2555 2061 2622 est
2077 2555 2453 2625 Geldesdune
2469 2558 2550 2624 ad
2569 2579 2690 2624 cu<

641 2645 799 2710 tiam
826 2644 1125 2722 Ethelredi
1154 2644 1303 2728 regis
1340 2664 1440 2726 per
1468 2663 1686 2706 novam
1713 2640 2006 2708 forestam.

735 2733 918 2816 Brigh
926 2729 1148 2807 tnotu'S,
1162 2719 1457 2795 accusa'tus
1472 2730 1744 2794 adulterii
1758 2729 1927 2807 false,
1943 2745 2013 2795 ut
2023 2727 2232 2810 fertur,
2253 2733 2330 2798 ab
2343 2729 2682 2812 AElstritha,

646 2841 801 2880 matre
824 2827 1081 2879 AEthelredi
1507 2837 1510 2840 ’

644 2899 875 2982 regina,
904 2897 1055 2960 clam
1084 2893 1427 2961 interfestus
1454 2892 1558 2973 est,
1599 2895 1771 2979 cujus
1797 2914 2016 2980 corpus
2039 2895 2119 2962 ad
2143 2891 2263 2982 ΕΙ]
2287 2895 2680 2984 Ρεῐᾱιιᾶυω.

1122 3087 1223 3148 Ex
1250 3084 1387 3148 vita
1414 3017 1592 3167 §fini
1621 3103 1682 3148 2.
1713 3086 1946 3148 abbatis
1972 3083 2227 3171 Elietfis.

636 3181 645 3192 ’
738 3186 1075 3251 Transtuiit
1104 3207 1321 3270 corpus
1351 3191 1413 3250 S.
1442 3187 1807 3251 Wendredae
1836 3190 2080 3274 virginis
2111 3195 2144 3256 ὲ
2169 3192 2301 3255 vico
2327 3189 2406 3258 de
2427 3192 2678 3260 Merche

644 3275 714 3378 in
744 3273 981 3422 Elpit&
1018 3276 1081 3336 in
1108 3271 1337 3351 scrinio,
1380 3293 1457 3337 ex
1506 3291 1653 3338 auro
1701 3275 1760 3338 St
1801 3277 2096 3360 lapidibus
2127 3277 2402 3344 decenter
2443 3298 2680 3367 aptato,

650 3380 905 3510 xmffirgt
934 3469 965 3508 a
994 3465 1129 3530 rege
1160 3465 1257 3532 19.
1294 3445 1536 3510 caffatos
1565 3448 1624 3510 in
1648 3447 1966 3555 Sadenhio,
1993 3449 2305 3529 Strethele,
2327 3454 2390 3516 δε
2410 3435 2684 3538 Εγιιὲοο.

642 3605 653 3640 ·.
742 3581 811 3642 In
834 3577 1001 3640 'bello
1027 3577 1101 3640 de
1136 3575 1469 3639 Aflendune
1509 3591 1669 3642 totus
1697 3577 1820 3642 fere
1866 3579 2084 3663 globus
2133 3581 2458 3647 nobilitatis
2485 3583 2682 3668 Angh

655 3664 838 3729 caesus
866 3663 971 3740 est,
1014 3665 1122 3748 qui
1152 3663 1319 3727 nullo
1346 3667 1407 3726 in
1438 3663 1595 3727 bello
1619 3667 1816 3746 majus
1837 3685 2106 3750 unquam
2132 3669 2346 3733 vulnus
2373 3691 2562 3754 quam
2587 3673 2681 3738 ibi

652 3765 1007 3836 acceperunt
1030 3775 1050 3816 z
1092 3751 1197 3814 ubi
1228 3749 1565 3827 EdnothuS,
1613 3754 1888 3816 Lincoln=
1919 3751 2242 3836 episcopua,
2289 3755 2684 3824 Ramefienfie

656 3840 962 3918 quondam
990 3837 1347 3922 praepofitua
1392 3837 1449 3900 δι
1478 3841 1744 3903 Wulfius
1793 3839 1974 3902 abbas
2019 3842 2151 3924 (qui
2195 3841 2271 3903 ad
2301 3844 2682 3912 exorandum

648 3929 861 4074 {hum
908 3946 1020 4008 pro
1060 3925 1271 4002 milite,
1332 3923 1560 3988 bellum
1603 3942 1833 4011 agente,
1891 3931 2314 4013 convenerant)
2375 3928 2682 3997 intel-festi

676 4026 806 4073 unt.
2589 4033 2602 4042 ·

738 4099 969 4160 Fratres
994 4117 1241 4182 quoque
1270 4095 1343 4160 de
1371 4097 1485 4178 Ely
1532 4097 1819 4182 (quicum
1851 4098 2110 4184 reliquiis
2135 4099 2280 4166 illuc
2303 4104 2675 4191 access'erant)

650 4183 923 4272 prostrati
950 4182 1107 4266 sunt,
1148 4205 1217 4251 ac
1262 4183 1528 4270 reliquiae
1549 4189 1620 4254 .S.
1653 4187 2007 4256 Wendredae
2055 4189 2287 4273 ablatae,
2333 4189 2432 4261 sed
2469 4192 2676 4282 postea

2569 4281 2671 4362 m
