2975 4800
445 197 1150 288 ANTIQUARH
1233 197 2101 274 COLLECTANEA.
2503 221 2667 304 2337

347 353 514 416 Huic
565 349 828 416 succeffit
872 349 1054 414 abbas
1077 349 1446 431 wulstanus,
1489 355 1599 438 qui
1626 374 1784 420 anno
1822 373 2007 446 1023.
2058 369 2331 420 mortuus

265 437 372 514 est,
417 441 480 504 St
507 440 676 524 apud
705 437 858 520 Hely
890 436 1192 523 sepelitur.
1512 439 1521 446 ’

347 525 636 592 Succeffit
671 525 937 590 Alfi-icus
967 526 1386 590 wintoniensis
1417 527 1783 611 praepositus,
1830 527 1889 590 8τ
1927 545 1949 588 1
1968 546 2024 610 ς.
2056 527 2139 591 sui
2170 525 2319 618 epis·

260 635 398 698 cop:
430 635 592 677 anno
619 615 794 689 obiit,
840 615 900 676 ἃ
929 611 1189 697 sepultus
1217 613 1302 678 est
1331 616 1493 698 apud
1529 613 1842 678 monaster:
1876 615 1950 675 de
1968 619 2197 699 Burgh.

345 701 632 766 Suoceffit
655 701 894 765 Kinlius
921 705 1074 786 regIs
1095 699 1372 766 Edwardi
1399 701 1761 784 capellanus,
1794 703 1855 764 δε
1876 697 2041 766 sexto
2058 702 2313 790 episcop:

261 807 418 852 anno
443 793 706 852 moriens
734 787 998 872 sepultus
1037 787 1122 852 est
1154 789 1314 874 apud
1343 790 1579 876 Burgh.

347 879 508 942 Huic
543 873 805 940 succeffit
837 877 1139 940 Aldu-edus
1169 879 1443 962 Wigorn:
1489 873 1817 958 episcopus.
1912 877 2026 940 Hic
2058 877 2133 940 de
2162 893 2314 942 terra
2348 891 2461 962 lug.
2484 915 2601 960 434.

261 965 550 1046 emptitia,
595 983 784 1048 quam
809 959 912 1026 sua
939 963 1238 1048 probitate
1265 963 1651 1047 acquisiverat
1678 965 1736 1025 in
1764 964 2017 1026 ecclesiis
2064 970 2126 1030 S.
2156 967 2317 1032 Petri

265 1053 442 1116 Ebor.
491 1053 558 1114 δι’
607 1057 670 1115 8.
715 1055 936 1134 Joann:
987 1052 1215 1116 Beverl:
1259 1055 1320 1114 &
1359 1055 1422 1114 S.
1453 1049 1721 1114 Wilfridi
1748 1053 1825 1114 de
1854 1053 2078 1142 Ripon,
2124 1055 2313 1138 pluri-

259 1157 378 1202 mas
405 1139 754 1224 praebendas
783 1137 948 1202 fecit.
2162 1159 2175 1166 ‘

345 1229 458 1290 Hic
485 1245 652 1290 anno
695 1231 775 1290 D.
835 1227 1023 1306 1067.
1069 1225 1218 1289 Gulz
1251 1227 1541 1290 Not-man:
1586 1225 1650 1290 in
1694 1245 1896 1310 regem
1934 1225 2309 1298 consecravit.

259 1313 428 1376 Obiit
453 1333 616 1378 auno
651 1333 752 1376 10.
791 1309 878 1376 sui
904 1309 1162 1398 episcop:
1195 1312 1476 1398 Sepultus
1504 1311 1589 1375 est
1619 1313 1803 1379 Ebor:

343 1399 622 1464 Sueoeffit
664 1403 933 1464 Thomas
983 1401 1308 1463 Baiocenfis
1356 1399 1607 1463 ecclefiae
1640 1397 1895 1465 thesaur:
1985 1396 2099 1466 Hic
2148 1405 2308 1472 enlm

257 1487 468 1552 musta
517 1486 718 1552 hostili
745 1487 1066 1552 vastatione
1089 1487 1306 1552 vastata
1349 1489 1410 1550 &
1459 1487 1819 1570 depopulata
1860 1489 2102 1556 invenit.
2196 1495 2304 1554 So.

257 1573 380 1638 lum
401 1597 462 1654 7.
495 1579 814 1640 canonicos
841 1577 1082 1658 reperit.
1172 1575 1408 1660 Reliqui
1428 1576 1523 1637 vel
1556 1577 1771 1636 mortui
1802 1591 1988 1650 eraut,
2022 1578 2113 1639 vel
2140 1595 2302 1640 metu

259 1663 318 1724 ἃ
343 1662 712 1730 desolatione
737 1664 986 1728 exulati.
1074 1663 1404 1728 Canonicos
1443 1661 1695 1724 restituit
1737 1663 1799 1724 ἃ
1843 1667 2156 1742 revocavit,
2202 1668 2309 1730 ali·

253 1769 402 1832 qnoe
441 1751 700 1828 addidit,
746 1749 1126 1816 refectorium
1169 1747 1394 1827 refecit,
1439 1752 1501 1813 &
1550 1751 1971 1814 dormitorium
2011 1767 2039 1798 ⁶
2082 1773 2305 1838 praepo-

255 1835 428 1902 fitam
457 1836 790 1914 constituit,
833 1837 1000 1900 villas
1027 1839 1274 1922 aliquas,
1322 1839 1382 1902 8c
1413 1855 1617 1913 terras,
1664 1839 1722 1899 &
1744 1837 2008 1907 ecclesias
2027 1839 2215 1918 dedit,
2249 1844 2309 1902 8:

255 1925 330 1989 ab
354 1927 484 1990 aliis
534 1927 766 1989 ablatas
811 1925 1090 2001 reddidit,
1137 1926 1576 1990 archidiaconos
1626 1943 1873 2006 quoque
1918 1922 2208 2008 sapiente-e
2250 1929 2311 1988 ‹Sc

253 2011 572 2078 industrios
593 2017 752 2076 viros
781 2035 890 2098 per
919 2010 1194 2076 diocesim
1219 2011 1460 2076 dimisit.
1549 2011 1740 2074 Annis
1774 2009 2043 2092 plurimis
2072 2015 2311 2082 canoni·

251 2101 334 2164 cis
361 2099 442 2164 fic
487 2101 892 2164 communiter
923 2097 1314 2176 vescentibus,
1359 2097 1609 2162 confilio
1654 2098 2034 2180 quorundam
2088 2100 2313 2180 placuit

251 2185 688 2272 archiepiscopo
716 2189 794 2252 de
823 2204 978 2252 terra
1002 2191 1066 2251 S.
1093 2189 1273 2261 Petri,
1305 2205 1441 2269 quae
1468 2184 1723 2248 multum
1752 2182 1949 2248 adhuc
1974 2185 2131 2250 vasta
2159 2205 2307 2264 erat,

253 2273 495 2360 siugulis
507 2275 862 2339 Praebendas
881 2276 1107 2360 partiri.
1195 2277 1290 2336 Ita
1307 2275 1466 2337 euim
1487 2273 1993 2336 &canonicorum
2018 2294 2303 2342 numerus

251 2359 504 2427 cresoeoe
533 2361 742 2448 posset,
771 2363 830 2427 δε
859 2359 1126 2449 quisquis
1153 2357 1306 2427 ficut
1334 2381 1446 2445 pro
1476 2357 1532 2425 se
1602 2376 1785 2425 artem
1804 2355 1964 2425 suam
1988 2360 2305 2433 studiosius

253 2448 310 2513 ἃ
335 2452 656 2515 aedificaret
699 2454 760 2515 Bt
786 2451 1110 2516 excoleret.
1198 2448 1386 2537 Qod
1433 2451 1493 2513 8:
1562 2469 1616 2512 tc
1656 2446 1879 2513 factum
1923 2448 2027 2517 est.
2116 2456 2303 2515 Tunc

249 2538 498 2621 quidem
537 2538 748 2603 statuit
795 2541 1126 2613 Decanum,
1197 2535 1446 2601 thesaur:
1500 2552 1829 2613 cantorem,
1878 2536 2026 2600 dans
2082 2540 2303 2621 cuique

249 2624 618 2709 posreffiones
647 2628 856 2711 dignas
905 2628 966 2689 8:
1013 2623 1264 2689 ecclesia:
1308 2624 1362 2687 &
1413 2622 1789 2705 personarum
1842 2622 2077 2687 honori.
2164 2624 2301 2689 Ma·

245 2710 492 2797 gistrum
525 2712 860 2777 scholarum
895 2715 1021 2795 jam
1053 2726 1188 2775 ante
1237 2710 1537 2777 statuerat.
1626 2708 1943 2773 Ecclesiam
1977 2731 2113 2795 quae
2142 2733 2302 2777 nunc

249 2796 330 2863 est
358 2798 631 2864 fundavit
658 2802 718 2865 81
745 2796 888 2865 fecit
911 2826 928 2861 :
973 2800 1090 2863 ὅτε.

327 2890 504 2953 Vixit
528 2890 592 2951 in
621 2886 878 2971 episcop:
908 2889 1072 2951 annis
1096 2882 1220 2950 fere
1250 2905 1356 2969 30.
1403 2884 1689 2967 Sepultus
1714 2878 1798 2947 est
1834 2881 2023 2946 Ebot:

329 2974 612 3039 succeffit
641 2976 935 3039 eirardus
961 2970 1320 3039 Her-forden:
1368 2969 1693 3057 episcopm,
1738 2968 2118 3035 cancellarius
2146 2972 2295 3038 Gul.

249 3062 328 3129 1¹.
360 3065 421 3126 &
447 3060 706 3128 secundi.
795 3066 912 3127 Hic
955 3060 1250 3127 ecclesiam
1279 3060 1355 3123 de
1383 3061 1621 3123 Laxton
1652 3058 1714 3121 iu
1764 3056 2139 3143 praebendam
2170 3060 2299 3137 dan-‚l

245 3148 278 3211 i
305 3172 446 3233 rege
471 3150 760 3227 obtinuit,
805 3150 866 3213 8:
895 3146 994 3214 sex
1023 3146 1420 3222 ecclefiarum,
1469 3165 1621 3229 quas
1648 3144 1724 3209 de
1754 3144 1906 3209 villis
1934 3140 2049 3209 suis
2093 3168 2197 3209 rex
2238 3151 2295 3213 ei
2397 3198 2399 3200 >

243 3238 432 3314 dedit,
491 3234 785 3314 Dirfelde,
847 3236 1100 3313 Killum,
1163 3234 1659 3319 Pocheliugtoun,
1719 3228 2017 3319 Pikeriug,
2074 3235 2295 3313 Borch,

247 3352 496 3435 Sneyth.
539 3354 814 3436 quinque
863 3356 926 3416 S.
973 3353 1171 3427 Petro,
1217 3348 1440 3415 sextam
1468 3368 1611 3412 vero
1646 3349 1869 3430 Sneytb
1906 3352 1967 3413 S.
1996 3352 2301 3413 Germano

243 3438 332 3591 ε
367 3440 584 3523 Seleby
631 3440 819 3507 dedit.
907 3441 1082 3505 Vixit
1121 3440 1184 3503 iu
1233 3435 1490 3525 episcop:
1546 3437 1713 3499 annis
1761 3456 1822 3517 7.
1889 3438 1947 3499 8:
1996 3438 2296 3503 mensibus

331 3548 366 3591 e
444 3574 462 3593 .

325 3546 612 3681 snsoeeffit
657 3616 926 3679 Thomas
961 3614 1122 3699 regis
1168 3611 1382 3697 capell:
1440 3608 1787 3695 praepolitus
1838 3610 2295 3687 Beverlaceusis,

245 3720 428 3787 nepos
471 3702 734 3765 Thomae
785 3704 1042 3765 Senioris
1099 3694 1521 3783 archiepiscopi
1577 3698 1765 3762 Ebot:
1854 3700 1969 3761 Hic
2018 3718 2175 3763 anuo
2212 3702 2295 3765 D.

253 3806 438 3855 1112.
485 3792 728 3854 Hearici
757 3790 908 3873 regis
947 3809 1045 3873 13.
1075 3783 1495 3870 archiepiscop:
1526 3781 1612 3848 sui
1644 3794 1732 3869 ς’.
1776 3782 2295 3868 Hagustaldensem
2340 3852 2347 3861 ,

243 3876 538 3941 ecclesiam
569 3879 648 3941 de
685 3896 866 3941 manu
889 3876 1172 3941 Richardi
1207 3878 1426 3939 Macon
1453 3872 1746 3948 liberavit,
1790 3874 1849 3935 8:
1880 3874 1941 3935 in
1960 3873 2149 3938 Ebot:
2181 3894 2295 3939 ec.-

243 3964 404 4029 clena
433 3984 614 4028 unam
649 3966 990 4049 portionem
1017 3962 1096 4025 de
1135 3964 1444 4025 communi
1493 3961 1911 4023 canonicorum
1944 3980 2057 4042 pro
2082 3960 2295 4027 libera-

243 4054 394 4116 tione
423 4053 586 4115 illius
635 4050 892 4115 ecclefiae
929 4052 1020 4115 illi
1044 4050 1230 4125 dedit,
1275 4049 1356 4111 ob
1385 4044 1719 4111 sauciorum
1748 4044 1969 4109 ibidem
1996 4046 2297 4130 quiescen-

241 4140 382 4205 tium
413 4142 632 4203 merita
659 4138 1030 4213 declaranda,
1075 4132 1250 4221 super
1291 4131 1553 4217 ejusdem
1594 4132 1715 4199 loci
1757 4134 2089 4215 dejestioue
2132 4154 2293 4197 com·

986 4290 1016 4321 a
1049 4272 1106 4323 F.
1141 4266 1552 4337 praepolitumque.

313 4362 508 4425 Tou.
553 4379 610 4422 ι.
659 4360 800 4423 Par.
837 4374 896 4419 2.
1203 4356 1260 4415 U
1295 4374 1336 4414 u
2032 4344 2301 4429 pastionis
