2975 4800
485 140 1183 226 ANTIQUARII
1271 142 2127 211 COLLECTANE’A.
2560 172 2723 241 443„

397 284 640 348 fratres
689 286 766 349 de
823 286 1186 349 Poenitentia
1247 284 1380 366 Jesu
1435 286 1655 351 Christi
2368 289 2486 356 ‚Pag-
2510 298 2635 354 ⁶33:

297 388 592 433 emerunt
621 374 947 456 principale
993 374 1377 457 meffinagium
1411 378 1659 453 joannis
1941 376 2171 438 Fratres
2200 375 2275 439 de
2306 382 2510 442 Sacco.

303 457 366 519 le
399 460 532 520 Rus
558 480 638 523 ex
666 461 944 543 opposito
957 460 1209 542 Capellae
1224 466 1284 525 S.
1306 462 1651 537 Edmundi;
1742 459 1865 523 Ubi
1896 458 2105 524 fratres
2135 464 2211 525 de
2248 467 2431 529 Sacco
2458 466 2688 530 habita-

301 541 410 607 sed
436 549 586 629 quia
633 548 783 611 illud
809 548 1197 631 meffuagium
1225 546 1342 611 fuit
1370 548 1446 610 de
1472 546 1655 611 feodo
1743 550 1889 610 bant
1908 569 2065 611 nunc
2084 570 2347 633 campm,
2378 574 2557 617 muro
2576 554 2689 616 cir-

305 635 552 695 canon:
601 637 934 699 Bernwelle
979 638 1148 699 Prior
1175 636 1424 717 Jolanus
1463 636 1651 720 impe-
1738 636 2078 713 cumdum,
2108 638 2499 719 &adjunstus
2515 641 2689 705 colle-

305 720 466 781 divit
497 722 802 803 seyfinam.
1740 726 1845 807 gio
1872 727 1953 785 D.
1980 726 2159 786 Petri.

401 810 593 871 Tunc
621 812 876 889 Joannes
899 809 953 871 le
975 812 1104 873 Rus
1127 830 1265 873 cum
1295 810 1432 893 ipsis
1454 809 1651 874 fratri·
2294 886 2301 891 ,

301 892 428 957 bus
443 899 610 957 venit
625 896 698 959 ad
718 900 1020 978 Jolanum,
1051 899 1108 959 81
1132 898 1464 981 impetravit
1484 900 1737 983 gratiam
1758 913 1826 959 ut
1850 900 2211 981 permitteret
2229 920 2355 969 eos,

399 982 521 1063 Ipsi
549 980 754 1045 fratres
779 986 856 1047 de
887 988 1066 1047 Sacco
1094 1002 1606 1068 congregaverunt
1636 986 1861 1048 multos
1886 986 1943 1047 &
1966 986 2151 1049 bonos
2173 988 2357 1050 Scho-

305 1065 488 1142 lares,
534 1071 598 1131 &
625 1072 1166 1153 multiplicabantur
1203 1074 1374 1137 nimis
1405 1070 1589 1157 usque
1634 1073 1709 1135 ad
1746 1072 2066 1137 concilium
2106 1074 2355 1157 Lugdu·
2476 1110 2493 1161 μ

307 1155 512 1217 nense.
603 1162 672 1220 In
701 1178 830 1241 quo
857 1178 1027 1241 pint:
1055 1162 1174 1223 Ro:
1205 1160 1486 1231 decrevit,
1536 1162 1699 1243 quod
1726 1158 1929 1221 fratres
1957 1158 2361 1224 Mendicaures

309 1242 388 1303 de
413 1262 618 1307 cetero
645 1266 766 1309 non
798 1248 1124 1328 reciperent
1155 1246 1388 1331 aliquos
1417 1249 1488 1309 ad
1520 1250 1655 1311 ord:
1683 1246 1875 1331 suum,
1908 1252 2169 1329 exceptis
2199 1251 2357 1311 Prae-

309 1328 498 1392 dicat:
533 1332 892 1409 Minoribus,
925 1335 984 1395 81
1009 1334 1260 1397 Carmel:
1342 1338 1422 1396 Et
1457 1334 1499 1396 st
1524 1336 1733 1397 vellent
1758 1330 2233 1397 deditlicentiam
2267 1339 2363 1399 ine

313 1419 518 1481 nundi
547 1423 860 1501 relagiones
889 1422 1163 1485 laxiores,
1249 1424 1346 1483 Ex
1390 1442 1464 1484 eo
1516 1439 1783 1503 tempore
1810 1437 2120 1503 coeperunt
2148 1414 2369 1486 fratres*

311 1523 526 1567 omnes
557 1509 964 1571 Mendicantes
995 1506 1320 1571 decrescere
1347 1508 1423 1570 de
1461 1509 1557 1571 die
1584 1512 1645 1571 in
1682 1510 1863 1585 diem,
1906 1507 1965 1569 δε
1992 1508 2069 1571 ad
2100 1511 2359 1585 nihilum

309 1592 542 1655 redacti
571 1590 706 1656 sunt
733 1598 994 1678 exceptis
1023 1596 1537 1665 praedicatoribus.

401 1687 452 1755 1
505 1684 684 1743 Anno
713 1686 794 1745 D.
835 1686 1022 1761 1287.
1073 1704 1205 1765 pars
1233 1682 1466 1746 ecclesia
1489 1680 1907 1747 Bernewellen:
1939 1680 2267 1747 combusta.
2332 1712 2363 1771 ’t-

773 1794 832 1827 ex
855 1782 1062 1845 pax-ocho
1085 1782 1355 1829 Canonicus

399 1848 528 1909 Mr.
575 1848 878 1910 Robertus
907 1850 984 1911 de
1025 1850 1326 1911 Fulburne
1367 1869 1522 1933 mag.
1568 1844 1909 1915 benefae‘iot·
1937 1846 2359 1919 Bernewellem

305 1934 602 2009 eoenobii,
647 1956 758 2017 pro
785 1956 912 2017 quo
941 1938 1202 2000 celebrat
1229 1935 1456 1999 missam
1477 1936 1835 1999 canonicus..

404 2027 454 2096 ἵ
477 2024 608 2083 Hoc
631 2037 744 2085 tem
753 2042 893 2103 pore
905 2023 1238 2085 Edwardus
1257 2043 1363 2084 rex
1380 2024 1707 2106 graviffime
1736 2018 2019 2101 puniebat
2038 2018 2356 2101 leguleiOS,

309 2110 370 2171 &
405 2110 701 2191 praecipue
737 2130 804 2189 4.
839 2111 1194 2191 justiciarios
1225 2108 1300 2171 de
1342 2111 1599 2187 bancho,
1644 2128 1799 2195 quos
1850 2106 2005 2170 misit
2032 2108 2106 2169 ad
2142 2111 2353 2173 turrim

315 2198 606 2259 London:

400 2282 554 2344 Gul=
587 2282 664 2345 de
697 2284 1052 2365 Brumpton‚
1096 2298 1168 2349 ut
1195 2282 1525 2363 dicebatur,
1569 2281 1709 2347 fecit
1736 2280 2067 2369 redempti:
2116 2304 2227 2366 pro
2258 2281 2358 2351 sex

311 2370 586 2436 millibus
613 2390 964 2436 marcarum.

398 2462 660 2542 joannes
685 2460 763 2520 de
791 2462 1051 2522 Lovetot
1082 2478 1192 2543 pro
1220 2479 1286 2537 4.
1315 2457 1444 2521 mil.
1475 2479 1659 2522 mare.

397 2549 676 2628 Roget-us
704 2544 780 2606 de
811 2544 1118 2628 Leycestre
1151 2566 1260 2628 pro
1287 2546 1452 2608 mille
1483 2545 1714 2608 marcis..

401 2635 678 2718 Qartus
698 2635 970 2695 Thomas
1004 2634 1078 2695 de
1101 2632 1432 2714 Weylande
1461 2629 1620 2716 fugit
1646 2631 1720 2694 ad
1750 2627 1959 2694 fratres
1990 2631 2253 2693 Minores
2282 2631 2361 2696 de

315 2733 762 2858 Babbeweffrg
763 2721 1055 2846 {gog-3311?
1063 2716 1428 2846 ’Ὲξῒῐιιιὲἰῃῖῒαηί
1453 2783 1670 2844 induit.
1760 2783 1873 2845 Sed
1906 2779 2103 2844 obseff
2092 2802 2159 2842 us
2182 2781 2367 2865 longo

313 2891 610 2954 tempore,
657 2869 840 2933 vestes
891 2874 1158 2954 proprias
1203 2873 1444 2954 recepit,
1494 2872 1553 2932 &
1590 2871 1664 2930 ad
1718 2873 1949 2931 curiam
1997 2871 2255 2944 veniens,
2303 2873 2367 2933 in

315 2961 534 3022 turrim
565 2958 848 3022 London:
877 2959 1180 3040 conjeftus
1209 2955 1312 3022 est.
1386 2955 1596 3020 Postea
1628 2955 1825 3018 missus
1856 2960 1917 3018 iu
1948 2957 2199 3018 exilium
2229 2978 2363 3040 per-

316 3062 594 3130 petuam.

399 3139 500 3198 De
533 3133 646 3196 D0.
673 3131 872 3194 Adam
900 3130 972 3194 de
1002 3135 1318 3208 Sti-attone,
1359 3129 1577 3194 clerico
1604 3127 1857 3193 thesaur:
1882 3127 1985 3204 sui,
2019 3127 2229 3191 habuit
2252 3152 2361 3195 rex
2494 3167 2497 3170 ⁴

309 3219 630 3304 pecuniam
659 3219 828 3304 quasi
871 3219 1186 3294 infinitam,
1235 3217 1276 3282 s.
1325 3233 1394 3281 ut
1425 3218 1751 3294 dicebatur,
1807 3239 1902 3304 ¹3·
1950 3214 2205 3280 can-cetus
2234 3220 2399 3307 auri·

311 3311 372 3372 Sc
403 3329 470 3369 ar
511 3309 662 3370 enti.

399 3329 708 3458 Rgbertus
737 3392 814 3456 de
843 3393 1124 3456 Ludham
1158 3391 1215 3458 δι
1249 3390 1610 3473 Radulphus
1640 3391 1715 3454 de
1745 3391 2059 3475 Hengham
2089 3391 2357 3457 fecerunt

309 3503 520 3568 pacem
549 3501 684 3544 cum
718 3501 858 3564 rege
889 3501 997 3562 pro
1031 3479 1260 3542 infinita
1293 3483 1561 3562 pecunia.

397 3572 523 3632 Mt.
548 3565 864 3633 Gatfridus
891 3569 967 3630 de
995 3569 1318 3643 Pakeham,
1347 3567 1727 3630 cancellarius
1748 3563 2095 3646 Cantabrig:
2132 3565 2351 3645 incepit
2372 3577 2481 3644 Pag.
2504 3588 2617 3641 63⁴·
2658 3591 2669 3600 ·

323 3677 423 3736 19.
453 3674 616 3718 anno
647 3653 930 3718 Edwardi
957 3655 1128 3737 primi
1149 3651 1334 3717 facere
1365 3655 1793 3736 pavimentum.
1872 3655 1965 3714 Ad
1987 3653 2149 3732 quod
2186 3650 2355 3730 petfi—

305 3743 590 3808 ciendum
617 3737 932 3806 consensus
959 3743 1113 3826 regis
1146 3739 1426 3803 Edwardi
1454 3741 1751 3816 intererat,
1799 3737 1857 3801 δι
1895 3740 1969 3801 ad
2002 3739 2356 3820 capiendum

309 3831 620 3894 toloneum
653 3826 840 3911 usque
869 3829 942 3892 ad
975 3825 1076 3892 sex
1104 3847 1306 3890 annos,

397 3917 592 3994 Judaei
620 3917 834 3978 eodem
867 3935 1022 3978 anno
1052 3931 1176 3976 tota
1207 3913 1428 3998 Anglia
1455 3912 1704 3996 expulsi,
1754 3913 1829 3976 de
1858 3931 2115 3995 quorum
2162 3913 2353 3976 domi-

303 4005 424 4071 bus
455 4001 708 4066 venditis
735 4021 842 4066 rex
867 4001 1032 4086 quasi
1064 4001 1352 4078 infinitam
1387 4003 1692 4084 pecuniam
1734 4001 1963 4062 babuit.

395 4089 632 4154 Eodem
685 4077 856 4150 anno'
901 4110 1008 4152 rex
1054 4085 1464 4171 hospitabatur
1520 4110 1620 4170 per
1676 4087 1823 4148 duas
1861 4089 1985 4148 dies
2036 4089 2094 4148 8c
2148 4085 2353 4148 nostes

301 4179 368 4244 in
404 4175 666 4242 Castello
697 4175 772 4241 de
802 4179 1146 4261 Cambtige.
1193 4181 1314 4324 ΚΑ
1365 4190 1634 4258 tempore
1680 4195 1806 4258 quo
1850 4193 1969 4236 uon
2016 4189 2179 4236 extat
2230 4193 2351 4270 me-

567 4285 576 4292 '
1279 4267 1318 4325 k
1347 4266 1386 4325 k
1435 4281 1468 4326 2
2169 4275 2359 4318 morta
