<?xml version="1.0" encoding="UTF-8"?>
<!DOCTYPE html PUBLIC "-//W3C//DTD XHTML 1.0 Transitional//EN"
    "http://www.w3.org/TR/xhtml1/DTD/xhtml1-transitional.dtd">
<html xmlns="http://www.w3.org/1999/xhtml" xml:lang="en" lang="en">
 <head>
  <title>
</title>
<meta http-equiv="Content-Type" content="text/html;charset=utf-8" />
  <meta name='ocr-system' content='tesseract 3.04.00' />
  <meta name='ocr-capabilities' content='ocr_page ocr_carea ocr_par ocr_line ocrx_word'/>
</head>
<body>
  <div class='ocr_page' id='page_1' title='image "./joannislelandia16lelagoog_0092.png"; bbox 0 0 2975 4800; ppageno 0'>
   <div class='ocr_carea' id='block_1_1' title="bbox 265 1592 540 1695">
    <p class='ocr_par' dir='ltr' id='par_1_1' title="bbox 265 1592 540 1695">
     <span class='ocr_line' id='line_1_1' title="bbox 265 1592 540 1695; baseline -0.007 -16"><span class='ocrx_word' id='word_1_1' title='bbox 265 1592 273 1595; x_wconf 47' lang='lat'>·⁴</span> <span class='ocrx_word' id='word_1_2' title='bbox 289 1627 402 1695; x_wconf 75' lang='lat' dir='ltr'>Pag-</span> <span class='ocrx_word' id='word_1_3' title='bbox 429 1640 540 1689; x_wconf 76' lang='lat'>534.</span> 
     </span>
    </p>
   </div>
   <div class='ocr_carea' id='block_1_2' title="bbox 313 3897 559 3974">
    <p class='ocr_par' dir='ltr' id='par_1_2' title="bbox 313 3897 559 3974">
     <span class='ocr_line' id='line_1_2' title="bbox 313 3897 559 3974; baseline 0.02 -22"><span class='ocrx_word' id='word_1_4' title='bbox 313 3897 425 3974; x_wconf 66' lang='lat'><em>1²23.</em></span> <span class='ocrx_word' id='word_1_5' title='bbox 447 3907 559 3957; x_wconf 80' lang='lat'><em>535·</em></span> 
     </span>
    </p>
   </div>
   <div class='ocr_carea' id='block_1_3' title="bbox 897 82 2277 169">
    <p class='ocr_par' dir='ltr' id='par_1_3' title="bbox 897 82 2277 169">
     <span class='ocr_line' id='line_1_3' title="bbox 897 82 2277 169; baseline -0.003 -14"><span class='ocrx_word' id='word_1_6' title='bbox 897 84 1531 169; x_wconf 82' lang='lat' dir='ltr'>.JoANle</span> <span class='ocrx_word' id='word_1_7' title='bbox 1638 82 2277 153; x_wconf 75' lang='lat' dir='ltr'>LELAND1</span> 
     </span>
    </p>
   </div>
   <div class='ocr_carea' id='block_1_4' title="bbox 615 212 2785 4242">
    <p class='ocr_par' dir='ltr' id='par_1_4' title="bbox 615 212 2671 632">
     <span class='ocr_line' id='line_1_4' title="bbox 615 212 2671 303; baseline -0.002 -22"><span class='ocrx_word' id='word_1_8' title='bbox 615 238 754 303; x_wconf 81' lang='lat' dir='ltr'>quae</span> <span class='ocrx_word' id='word_1_9' title='bbox 797 216 1006 302; x_wconf 81' lang='lat' dir='ltr'>lingua</span> <span class='ocrx_word' id='word_1_10' title='bbox 1051 218 1464 301; x_wconf 74' lang='lat' dir='ltr'>indigenarum</span> <span class='ocrx_word' id='word_1_11' title='bbox 1494 218 1849 289; x_wconf 83' lang='lat' dir='ltr'>Grenekirk‚</span> <span class='ocrx_word' id='word_1_12' title='bbox 1894 214 1952 276; x_wconf 88' lang='lat' dir='ltr'>id</span> <span class='ocrx_word' id='word_1_13' title='bbox 1986 212 2086 287; x_wconf 82' lang='lat' dir='ltr'>est,</span> <span class='ocrx_word' id='word_1_14' title='bbox 2132 214 2333 277; x_wconf 62' lang='lat' dir='ltr'>winidis</span> <span class='ocrx_word' id='word_1_15' title='bbox 2378 213 2525 277; x_wconf 81' lang='lat' dir='ltr'>ecch</span> <span class='ocrx_word' id='word_1_16' title='bbox 2558 234 2671 297; x_wconf 76' lang='lat' dir='ltr'>ap·-</span> 
     </span>
     <span class='ocr_line' id='line_1_5' title="bbox 621 300 2665 391; baseline -0.002 -24"><span class='ocrx_word' id='word_1_17' title='bbox 621 306 896 389; x_wconf 85' lang='lat' dir='ltr'>pellatur,</span> <span class='ocrx_word' id='word_1_18' title='bbox 925 310 1186 385; x_wconf 74' lang='lat' dir='ltr'>eoquod</span> <span class='ocrx_word' id='word_1_19' title='bbox 1221 308 1277 366; x_wconf 85' lang='lat' dir='ltr'>iu</span> <span class='ocrx_word' id='word_1_20' title='bbox 1310 306 1501 385; x_wconf 78' lang='lat' dir='ltr'>campi</span> <span class='ocrx_word' id='word_1_21' title='bbox 1522 306 1757 365; x_wconf 84' lang='lat' dir='ltr'>virentis</span> <span class='ocrx_word' id='word_1_22' title='bbox 1789 305 2030 391; x_wconf 79' lang='lat' dir='ltr'>planitie</span> <span class='ocrx_word' id='word_1_23' title='bbox 2056 302 2158 364; x_wconf 81' lang='lat' dir='ltr'>fita</span> <span class='ocrx_word' id='word_1_24' title='bbox 2189 300 2283 365; x_wconf 83' lang='lat' dir='ltr'>fit.</span> <span class='ocrx_word' id='word_1_25' title='bbox 2366 301 2541 384; x_wconf 84' lang='lat' dir='ltr'>Jusfit</span> <span class='ocrx_word' id='word_1_26' title='bbox 2570 305 2665 383; x_wconf 82' lang='lat' dir='ltr'>(S.</span> 
     </span>
     <span class='ocr_line' id='line_1_6' title="bbox 618 386 2671 477; baseline -0 -23"><span class='ocrx_word' id='word_1_27' title='bbox 618 392 925 477; x_wconf 78' lang='lat' dir='ltr'>Cuthbert)</span> <span class='ocrx_word' id='word_1_28' title='bbox 959 410 1026 455; x_wconf 89' lang='lat' dir='ltr'>ut</span> <span class='ocrx_word' id='word_1_29' title='bbox 1057 392 1162 455; x_wconf 89' lang='lat' dir='ltr'>illo</span> <span class='ocrx_word' id='word_1_30' title='bbox 1192 392 1388 455; x_wconf 74' lang='lat' dir='ltr'>Missas</span> <span class='ocrx_word' id='word_1_31' title='bbox 1417 386 1476 453; x_wconf 72' lang='grc' dir='ltr'>δὲ</span> <span class='ocrx_word' id='word_1_32' title='bbox 1515 393 1762 454; x_wconf 82' lang='lat' dir='ltr'>verbum</span> <span class='ocrx_word' id='word_1_33' title='bbox 1794 391 1885 453; x_wconf 87' lang='lat' dir='ltr'>dei</span> <span class='ocrx_word' id='word_1_34' title='bbox 1912 392 2205 452; x_wconf 78' lang='lat' dir='ltr'>auditurae</span> <span class='ocrx_word' id='word_1_35' title='bbox 2232 392 2671 453; x_wconf 72' lang='lat' dir='ltr'>convenirent:</span> 
     </span>
     <span class='ocr_line' id='line_1_7' title="bbox 621 475 2671 565; baseline -0.003 -20"><span class='ocrx_word' id='word_1_36' title='bbox 621 502 696 545; x_wconf 88' lang='lat' dir='ltr'>ue</span> <span class='ocrx_word' id='word_1_37' title='bbox 724 484 1000 564; x_wconf 87' lang='lat' dir='ltr'>proprius</span> <span class='ocrx_word' id='word_1_38' title='bbox 1028 480 1175 545; x_wconf 85' lang='lat' dir='ltr'>eccl:</span> <span class='ocrx_word' id='word_1_39' title='bbox 1223 482 1285 543; x_wconf 90' lang='lat' dir='ltr'>in</span> <span class='ocrx_word' id='word_1_40' title='bbox 1331 500 1453 563; x_wconf 85' lang='lat' dir='ltr'>qua</span> <span class='ocrx_word' id='word_1_41' title='bbox 1502 480 1621 565; x_wconf 75' lang='lat' dir='ltr'>ipse</span> <span class='ocrx_word' id='word_1_42' title='bbox 1677 501 1815 541; x_wconf 85' lang='lat' dir='ltr'>cum</span> <span class='ocrx_word' id='word_1_43' title='bbox 1878 478 2190 541; x_wconf 75' lang='lat' dir='ltr'>monachis</span> <span class='ocrx_word' id='word_1_44' title='bbox 2238 475 2671 553; x_wconf 70' lang='lat' dir='ltr'>diversabatur,</span> 
     </span>
     <span class='ocr_line' id='line_1_8' title="bbox 618 568 977 632; baseline -0.003 0"><span class='ocrx_word' id='word_1_45' title='bbox 618 568 977 632; x_wconf 75' lang='lat' dir='ltr'><strong>accederent.</strong></span> 
     </span>
    </p>

    <p class='ocr_par' dir='ltr' id='par_1_5' title="bbox 617 650 2671 809">
     <span class='ocr_line' id='line_1_9' title="bbox 705 650 2671 741; baseline -0.002 -24"><span class='ocrx_word' id='word_1_46' title='bbox 705 656 1044 718; x_wconf 87' lang='lat' dir='ltr'>Gulielmus</span> <span class='ocrx_word' id='word_1_47' title='bbox 1071 651 1428 736; x_wconf 84' lang='lat' dir='ltr'>conquestor</span> <span class='ocrx_word' id='word_1_48' title='bbox 1461 674 1523 737; x_wconf 85' lang='lat'>3.</span> <span class='ocrx_word' id='word_1_49' title='bbox 1574 676 1698 741; x_wconf 72' lang='lat' dir='ltr'>regz</span> <span class='ocrx_word' id='word_1_50' title='bbox 1728 650 1815 717; x_wconf 85' lang='lat' dir='ltr'>sui</span> <span class='ocrx_word' id='word_1_51' title='bbox 1856 672 2021 715; x_wconf 76' lang='lat' dir='ltr'>anno</span> <span class='ocrx_word' id='word_1_52' title='bbox 2048 652 2385 739; x_wconf 81' lang='lat' dir='ltr'>Robertum</span> <span class='ocrx_word' id='word_1_53' title='bbox 2418 652 2671 734; x_wconf 72' lang='lat' dir='ltr'>Cumyn</span> 
     </span>
     <span class='ocr_line' id='line_1_10' title="bbox 617 740 1518 809; baseline -0.002 -2"><span class='ocrx_word' id='word_1_54' title='bbox 617 746 901 809; x_wconf 82' lang='lat' dir='ltr'>comitem</span> <span class='ocrx_word' id='word_1_55' title='bbox 924 742 1326 805; x_wconf 87' lang='lat' dir='ltr'>Nortbumbr:</span> <span class='ocrx_word' id='word_1_56' title='bbox 1359 740 1518 805; x_wconf 77' lang='lat' dir='ltr'>fecit.</span> 
     </span>
    </p>

    <p class='ocr_par' dir='ltr' id='par_1_6' title="bbox 631 826 2671 999">
     <span class='ocr_line' id='line_1_11' title="bbox 701 826 2671 916; baseline -0.003 -22"><span class='ocrx_word' id='word_1_57' title='bbox 701 830 1106 895; x_wconf 86' lang='lat' dir='ltr'>Northumbr:</span> <span class='ocrx_word' id='word_1_58' title='bbox 1137 829 1550 893; x_wconf 75' lang='lat' dir='ltr'>crudelitatem</span> <span class='ocrx_word' id='word_1_59' title='bbox 1586 830 1643 891; x_wconf 77' lang='lat' dir='ltr'>Sc</span> <span class='ocrx_word' id='word_1_60' title='bbox 1674 828 1973 890; x_wconf 79' lang='lat' dir='ltr'>avaritiam</span> <span class='ocrx_word' id='word_1_61' title='bbox 2006 826 2257 903; x_wconf 81' lang='lat' dir='ltr'>Roberti</span> <span class='ocrx_word' id='word_1_62' title='bbox 2288 829 2671 916; x_wconf 56' lang='lat' dir='ltr'>Cumyqex-</span> 
     </span>
     <span class='ocr_line' id='line_1_12' title="bbox 631 914 1442 999; baseline 0 -18"><span class='ocrx_word' id='word_1_63' title='bbox 631 916 716 981; x_wconf 84' lang='lat' dir='ltr'>ofi</span> <span class='ocrx_word' id='word_1_64' title='bbox 746 914 1158 999; x_wconf 77' lang='lat' dir='ltr'>conspirabant</span> <span class='ocrx_word' id='word_1_65' title='bbox 1191 917 1252 979; x_wconf 83' lang='lat' dir='ltr'>in</span> <span class='ocrx_word' id='word_1_66' title='bbox 1280 938 1442 981; x_wconf 86' lang='lat' dir='ltr'>eum.</span> 
     </span>
    </p>

    <p class='ocr_par' dir='ltr' id='par_1_7' title="bbox 619 1000 2683 1967">
     <span class='ocr_line' id='line_1_13' title="bbox 662 1000 2675 1087; baseline -0.003 -18"><span class='ocrx_word' id='word_1_67' title='bbox 662 1000 672 1012; x_wconf 82' lang='grc'><strong><em>’</em></strong></span> <span class='ocrx_word' id='word_1_68' title='bbox 711 1006 958 1069; x_wconf 86' lang='lat' dir='ltr'>Intravit</span> <span class='ocrx_word' id='word_1_69' title='bbox 992 1007 1294 1066; x_wconf 85' lang='lat' dir='ltr'>Robertus</span> <span class='ocrx_word' id='word_1_70' title='bbox 1314 1008 1552 1087; x_wconf 85' lang='lat' dir='ltr'>Cumyn</span> <span class='ocrx_word' id='word_1_71' title='bbox 1577 1004 1947 1068; x_wconf 87' lang='lat' dir='ltr'>Dunelmum</span> <span class='ocrx_word' id='word_1_72' title='bbox 1976 1022 2116 1065; x_wconf 87' lang='lat' dir='ltr'>cum</span> <span class='ocrx_word' id='word_1_73' title='bbox 2148 1021 2297 1080; x_wconf 87' lang='lat'>700.</span> <span class='ocrx_word' id='word_1_74' title='bbox 2321 1000 2675 1065; x_wconf 79' lang='lat' dir='ltr'>hominibus</span> 
     </span>
     <span class='ocr_line' id='line_1_14' title="bbox 622 1086 2681 1175; baseline -0.001 -20"><span class='ocrx_word' id='word_1_75' title='bbox 622 1092 850 1175; x_wconf 89' lang='lat' dir='ltr'>ubique</span> <span class='ocrx_word' id='word_1_76' title='bbox 881 1112 988 1173; x_wconf 89' lang='lat' dir='ltr'>per</span> <span class='ocrx_word' id='word_1_77' title='bbox 1014 1090 1225 1153; x_wconf 90' lang='lat' dir='ltr'>domos</span> <span class='ocrx_word' id='word_1_78' title='bbox 1251 1090 1543 1155; x_wconf 85' lang='lat' dir='ltr'>hostiliter</span> <span class='ocrx_word' id='word_1_79' title='bbox 1571 1086 1907 1175; x_wconf 73' lang='lat' dir='ltr'><strong>agentibus.</strong></span> <span class='ocrx_word' id='word_1_80' title='bbox 1998 1095 2249 1153; x_wconf 86' lang='lat' dir='ltr'>Summo</span> <span class='ocrx_word' id='word_1_81' title='bbox 2276 1106 2476 1155; x_wconf 85' lang='lat' dir='ltr'>autem</span> <span class='ocrx_word' id='word_1_82' title='bbox 2506 1088 2681 1153; x_wconf 83' lang='lat' dir='ltr'>dilu-</span> 
     </span>
     <span class='ocr_line' id='line_1_15' title="bbox 621 1179 2679 1265; baseline -0.001 -22"><span class='ocrx_word' id='word_1_83' title='bbox 621 1180 763 1243; x_wconf 87' lang='lat' dir='ltr'>culo</span> <span class='ocrx_word' id='word_1_84' title='bbox 779 1179 1178 1243; x_wconf 78' lang='lat' dir='ltr'>Nortbumbr:</span> <span class='ocrx_word' id='word_1_85' title='bbox 1211 1182 1557 1265; x_wconf 80' lang='lat' dir='ltr'>congregati</span> <span class='ocrx_word' id='word_1_86' title='bbox 1578 1199 1780 1241; x_wconf 84' lang='lat' dir='ltr'>omnes</span> <span class='ocrx_word' id='word_1_87' title='bbox 1805 1196 2002 1261; x_wconf 75' lang='lat' dir='ltr'>portas</span> <span class='ocrx_word' id='word_1_88' title='bbox 2023 1179 2387 1259; x_wconf 85' lang='lat' dir='ltr'>irrumpunt,</span> <span class='ocrx_word' id='word_1_89' title='bbox 2420 1192 2679 1259; x_wconf 80' lang='lat' dir='ltr'>totaque</span> 
     </span>
     <span class='ocr_line' id='line_1_16' title="bbox 622 1262 2677 1347; baseline -0.001 -17"><span class='ocrx_word' id='word_1_90' title='bbox 622 1266 776 1330; x_wconf 88' lang='lat' dir='ltr'>urbe</span> <span class='ocrx_word' id='word_1_91' title='bbox 804 1263 1184 1329; x_wconf 81' lang='lat' dir='ltr'>discursantes</span> <span class='ocrx_word' id='word_1_92' title='bbox 1217 1262 1400 1329; x_wconf 78' lang='lat' dir='ltr'>socios</span> <span class='ocrx_word' id='word_1_93' title='bbox 1430 1268 1665 1329; x_wconf 85' lang='lat' dir='ltr'>comitis</span> <span class='ocrx_word' id='word_1_94' title='bbox 1695 1265 2081 1329; x_wconf 85' lang='lat' dir='ltr'>interficiunt.</span> <span class='ocrx_word' id='word_1_95' title='bbox 2168 1268 2371 1329; x_wconf 84' lang='lat' dir='ltr'>Tanta</span> <span class='ocrx_word' id='word_1_96' title='bbox 2407 1263 2677 1347; x_wconf 84' lang='lat' dir='ltr'>denique</span> 
     </span>
     <span class='ocr_line' id='line_1_17' title="bbox 621 1352 2675 1435; baseline -0.003 -16"><span class='ocrx_word' id='word_1_97' title='bbox 621 1352 741 1419; x_wconf 85' lang='lat' dir='ltr'>fuit</span> <span class='ocrx_word' id='word_1_98' title='bbox 771 1352 1220 1433; x_wconf 62' lang='lat' dir='ltr'>interfectorum</span> <span class='ocrx_word' id='word_1_99' title='bbox 1251 1354 1605 1429; x_wconf 57' lang='lat' dir='ltr'>multituflo,</span> <span class='ocrx_word' id='word_1_100' title='bbox 1654 1369 1721 1415; x_wconf 92' lang='lat' dir='ltr'>ut</span> <span class='ocrx_word' id='word_1_101' title='bbox 1748 1374 1952 1416; x_wconf 86' lang='lat' dir='ltr'>omnes</span> <span class='ocrx_word' id='word_1_102' title='bbox 1996 1354 2201 1435; x_wconf 82' lang='lat' dir='ltr'>plateae</span> <span class='ocrx_word' id='word_1_103' title='bbox 2238 1372 2453 1417; x_wconf 88' lang='lat' dir='ltr'>cruore</span> <span class='ocrx_word' id='word_1_104' title='bbox 2474 1372 2543 1413; x_wconf 88' lang='lat' dir='ltr'>ac</span> <span class='ocrx_word' id='word_1_105' title='bbox 2570 1371 2675 1413; x_wconf 89' lang='lat' dir='ltr'>ca·</span> 
     </span>
     <span class='ocr_line' id='line_1_18' title="bbox 625 1437 2683 1525; baseline -0.003 -18"><span class='ocrx_word' id='word_1_106' title='bbox 625 1443 941 1507; x_wconf 80' lang='lat' dir='ltr'>daveribus</span> <span class='ocrx_word' id='word_1_107' title='bbox 963 1442 1346 1525; x_wconf 81' lang='lat' dir='ltr'>replerentur.</span> <span class='ocrx_word' id='word_1_108' title='bbox 1439 1446 1799 1525; x_wconf 80' lang='lat' dir='ltr'>supererant</span> <span class='ocrx_word' id='word_1_109' title='bbox 1820 1440 2019 1503; x_wconf 81' lang='lat' dir='ltr'>adhuc</span> <span class='ocrx_word' id='word_1_110' title='bbox 2040 1462 2157 1503; x_wconf 91' lang='lat' dir='ltr'>non</span> <span class='ocrx_word' id='word_1_111' title='bbox 2184 1440 2379 1523; x_wconf 82' lang='lat' dir='ltr'>pauci,</span> <span class='ocrx_word' id='word_1_112' title='bbox 2403 1440 2507 1522; x_wconf 88' lang='lat' dir='ltr'>qui</span> <span class='ocrx_word' id='word_1_113' title='bbox 2531 1437 2683 1501; x_wconf 55' lang='lat' dir='ltr'>ostia</span> 
     </span>
     <span class='ocr_line' id='line_1_19' title="bbox 629 1527 2677 1612; baseline 0 -19"><span class='ocrx_word' id='word_1_114' title='bbox 629 1551 732 1593; x_wconf 88' lang='lat' dir='ltr'>um</span> <span class='ocrx_word' id='word_1_115' title='bbox 763 1530 1000 1605; x_wconf 85' lang='lat' dir='ltr'>domus,</span> <span class='ocrx_word' id='word_1_116' title='bbox 1047 1532 1106 1591; x_wconf 89' lang='lat' dir='ltr'>in</span> <span class='ocrx_word' id='word_1_117' title='bbox 1140 1548 1260 1611; x_wconf 83' lang='lat' dir='ltr'>qua</span> <span class='ocrx_word' id='word_1_118' title='bbox 1305 1549 1505 1592; x_wconf 80' lang='lat' dir='ltr'>comcs</span> <span class='ocrx_word' id='word_1_119' title='bbox 1551 1547 1695 1603; x_wconf 82' lang='lat' dir='ltr'>erat,</span> <span class='ocrx_word' id='word_1_120' title='bbox 1742 1527 2141 1601; x_wconf 73' lang='lat' dir='ltr'>defendenteS,</span> <span class='ocrx_word' id='word_1_121' title='bbox 2186 1530 2677 1612; x_wconf 82' lang='lat' dir='ltr'>oppugnantium</span> 
     </span>
     <span class='ocr_line' id='line_1_20' title="bbox 629 1615 2679 1703; baseline -0.002 -22"><span class='ocrx_word' id='word_1_122' title='bbox 629 1618 1030 1701; x_wconf 84' lang='lat' dir='ltr'>prohibebant</span> <span class='ocrx_word' id='word_1_123' title='bbox 1081 1616 1384 1680; x_wconf 73' lang='lat' dir='ltr'>accessum.</span> <span class='ocrx_word' id='word_1_124' title='bbox 1471 1617 1565 1679; x_wconf 84' lang='lat' dir='ltr'>Illi</span> <span class='ocrx_word' id='word_1_125' title='bbox 1618 1636 1766 1703; x_wconf 85' lang='lat' dir='ltr'>ergo</span> <span class='ocrx_word' id='word_1_126' title='bbox 1811 1615 2033 1695; x_wconf 63' lang='lat' dir='ltr'>injeclo</span> <span class='ocrx_word' id='word_1_127' title='bbox 2082 1616 2219 1701; x_wconf 84' lang='lat' dir='ltr'>igne</span> <span class='ocrx_word' id='word_1_128' title='bbox 2248 1616 2500 1677; x_wconf 88' lang='lat' dir='ltr'>domum</span> <span class='ocrx_word' id='word_1_129' title='bbox 2530 1634 2679 1677; x_wconf 89' lang='lat' dir='ltr'>cum</span> 
     </span>
     <span class='ocr_line' id='line_1_21' title="bbox 630 1700 2679 1788; baseline -0.003 -18"><span class='ocrx_word' id='word_1_130' title='bbox 630 1706 768 1781; x_wconf 81' lang='lat' dir='ltr'>hiis,</span> <span class='ocrx_word' id='word_1_131' title='bbox 799 1706 909 1788; x_wconf 90' lang='lat' dir='ltr'>qui</span> <span class='ocrx_word' id='word_1_132' title='bbox 953 1707 1114 1767; x_wconf 80' lang='lat' dir='ltr'>intus</span> <span class='ocrx_word' id='word_1_133' title='bbox 1141 1714 1329 1779; x_wconf 79' lang='lat' dir='ltr'>erant,</span> <span class='ocrx_word' id='word_1_134' title='bbox 1375 1700 2087 1767; x_wconf 82' lang='lat' dir='ltr'>conatisuntincendere.</span> <span class='ocrx_word' id='word_1_135' title='bbox 2176 1704 2389 1787; x_wconf 87' lang='lat' dir='ltr'>Itaque</span> <span class='ocrx_word' id='word_1_136' title='bbox 2406 1700 2679 1767; x_wconf 84' lang='lat' dir='ltr'>flamma·</span> 
     </span>
     <span class='ocr_line' id='line_1_22' title="bbox 621 1790 2682 1881; baseline -0.004 -22"><span class='ocrx_word' id='word_1_137' title='bbox 621 1813 759 1859; x_wconf 83' lang='lat' dir='ltr'>rum</span> <span class='ocrx_word' id='word_1_138' title='bbox 787 1792 988 1881; x_wconf 84' lang='lat' dir='ltr'>globis</span> <span class='ocrx_word' id='word_1_139' title='bbox 1032 1790 1212 1854; x_wconf 87' lang='lat' dir='ltr'>altius</span> <span class='ocrx_word' id='word_1_140' title='bbox 1241 1792 1647 1868; x_wconf 79' lang='lat' dir='ltr'>volitantibus,</span> <span class='ocrx_word' id='word_1_141' title='bbox 1696 1792 1873 1853; x_wconf 75' lang='lat' dir='ltr'>turris</span> <span class='ocrx_word' id='word_1_142' title='bbox 1914 1790 2294 1853; x_wconf 86' lang='lat' dir='ltr'>occidentalis</span> <span class='ocrx_word' id='word_1_143' title='bbox 2338 1790 2481 1853; x_wconf 82' lang='lat' dir='ltr'>eccl:</span> <span class='ocrx_word' id='word_1_144' title='bbox 2536 1808 2682 1875; x_wconf 81' lang='lat' dir='ltr'>quae</span> 
     </span>
     <span class='ocr_line' id='line_1_23' title="bbox 619 1877 2329 1967; baseline -0.004 -22"><span class='ocrx_word' id='word_1_145' title='bbox 619 1884 796 1967; x_wconf 69' lang='lat' dir='ltr'>Juxta</span> <span class='ocrx_word' id='word_1_146' title='bbox 825 1880 1036 1957; x_wconf 83' lang='lat' dir='ltr'>stabat,</span> <span class='ocrx_word' id='word_1_147' title='bbox 1065 1879 1192 1960; x_wconf 83' lang='lat' dir='ltr'>jam</span> <span class='ocrx_word' id='word_1_148' title='bbox 1227 1880 1354 1959; x_wconf 80' lang='lat' dir='ltr'>jam</span> <span class='ocrx_word' id='word_1_149' title='bbox 1383 1879 1460 1942; x_wconf 83' lang='lat' dir='ltr'>ab</span> <span class='ocrx_word' id='word_1_150' title='bbox 1489 1880 1627 1963; x_wconf 87' lang='lat' dir='ltr'>igne</span> <span class='ocrx_word' id='word_1_151' title='bbox 1654 1878 1967 1941; x_wconf 80' lang='lat' dir='ltr'>cremanda</span> <span class='ocrx_word' id='word_1_152' title='bbox 1994 1877 2329 1941; x_wconf 84' lang='lat' dir='ltr'>videbatur.</span> 
     </span>
    </p>

    <p class='ocr_par' dir='ltr' id='par_1_8' title="bbox 631 1960 2785 2820">
     <span class='ocr_line' id='line_1_24' title="bbox 717 1960 2691 2051; baseline -0.004 -19"><span class='ocrx_word' id='word_1_153' title='bbox 717 1972 804 2032; x_wconf 93' lang='lat' dir='ltr'>At</span> <span class='ocrx_word' id='word_1_154' title='bbox 833 1967 1036 2045; x_wconf 86' lang='lat' dir='ltr'>domo,</span> <span class='ocrx_word' id='word_1_155' title='bbox 1083 1982 1153 2028; x_wconf 92' lang='lat' dir='ltr'>ut</span> <span class='ocrx_word' id='word_1_156' title='bbox 1196 1983 1476 2051; x_wconf 82' lang='lat' dir='ltr'>coeperat,</span> <span class='ocrx_word' id='word_1_157' title='bbox 1524 1966 1789 2040; x_wconf 83' lang='lat' dir='ltr'>ardente,</span> <span class='ocrx_word' id='word_1_158' title='bbox 1850 1968 1957 2048; x_wconf 90' lang='lat' dir='ltr'>qui</span> <span class='ocrx_word' id='word_1_159' title='bbox 2006 1966 2171 2029; x_wconf 71' lang='lat' dir='ltr'>intus</span> <span class='ocrx_word' id='word_1_160' title='bbox 2215 1979 2385 2028; x_wconf 85' lang='lat' dir='ltr'>erant</span> <span class='ocrx_word' id='word_1_161' title='bbox 2428 1960 2691 2049; x_wconf 74' lang='lat' dir='ltr'>quidam</span> 
     </span>
     <span class='ocr_line' id='line_1_25' title="bbox 631 2048 2685 2137; baseline -0.003 -18"><span class='ocrx_word' id='word_1_162' title='bbox 631 2058 1012 2132; x_wconf 88' lang='lat' dir='ltr'>concremati,</span> <span class='ocrx_word' id='word_1_163' title='bbox 1059 2056 1158 2118; x_wconf 87' lang='lat' dir='ltr'>alii</span> <span class='ocrx_word' id='word_1_164' title='bbox 1189 2074 1333 2118; x_wconf 80' lang='lat' dir='ltr'>vero</span> <span class='ocrx_word' id='word_1_165' title='bbox 1371 2054 1515 2118; x_wconf 89' lang='lat' dir='ltr'>dum</span> <span class='ocrx_word' id='word_1_166' title='bbox 1560 2052 1721 2118; x_wconf 87' lang='lat' dir='ltr'>foras</span> <span class='ocrx_word' id='word_1_167' title='bbox 1752 2069 2203 2137; x_wconf 84' lang='lat' dir='ltr'>prorumperent</span> <span class='ocrx_word' id='word_1_168' title='bbox 2246 2054 2513 2136; x_wconf 82' lang='lat' dir='ltr'>protinus</span> <span class='ocrx_word' id='word_1_169' title='bbox 2542 2048 2685 2113; x_wconf 85' lang='lat' dir='ltr'>sunt</span> 
     </span>
     <span class='ocr_line' id='line_1_26' title="bbox 633 2138 2687 2225; baseline -0.003 -18"><span class='ocrx_word' id='word_1_170' title='bbox 633 2144 998 2216; x_wconf 84' lang='lat' dir='ltr'>obtruncati.</span> <span class='ocrx_word' id='word_1_171' title='bbox 1082 2144 1173 2203; x_wconf 88' lang='lat' dir='ltr'>Ita</span> <span class='ocrx_word' id='word_1_172' title='bbox 1221 2145 1434 2205; x_wconf 86' lang='lat' dir='ltr'>comite</span> <span class='ocrx_word' id='word_1_173' title='bbox 1462 2144 1623 2225; x_wconf 85' lang='lat' dir='ltr'>prid:</span> <span class='ocrx_word' id='word_1_174' title='bbox 1657 2144 1790 2205; x_wconf 81' lang='lat' dir='ltr'>Cal:</span> <span class='ocrx_word' id='word_1_175' title='bbox 1824 2142 2007 2205; x_wconf 72' lang='lat' dir='ltr'>Febrz</span> <span class='ocrx_word' id='word_1_176' title='bbox 2043 2161 2183 2203; x_wconf 87' lang='lat' dir='ltr'>cum</span> <span class='ocrx_word' id='word_1_177' title='bbox 2212 2138 2326 2205; x_wconf 84' lang='lat' dir='ltr'>suis</span> <span class='ocrx_word' id='word_1_178' title='bbox 2374 2138 2687 2212; x_wconf 77' lang='lat' dir='ltr'>omnibus,</span> 
     </span>
     <span class='ocr_line' id='line_1_27' title="bbox 637 2226 2785 2315; baseline -0.002 -22"><span class='ocrx_word' id='word_1_179' title='bbox 637 2248 852 2315; x_wconf 83' lang='lat' dir='ltr'>praeter</span> <span class='ocrx_word' id='word_1_180' title='bbox 869 2248 1058 2291; x_wconf 87' lang='lat' dir='ltr'>unum</span> <span class='ocrx_word' id='word_1_181' title='bbox 1074 2230 1180 2310; x_wconf 91' lang='lat' dir='ltr'>qui</span> <span class='ocrx_word' id='word_1_182' title='bbox 1205 2230 1555 2293; x_wconf 89' lang='lat' dir='ltr'>vulneratus</span> <span class='ocrx_word' id='word_1_183' title='bbox 1573 2228 1853 2301; x_wconf 83' lang='lat' dir='ltr'>evaserat,</span> <span class='ocrx_word' id='word_1_184' title='bbox 1885 2226 2107 2305; x_wconf 79' lang='lat' dir='ltr'>delete,</span> <span class='ocrx_word' id='word_1_185' title='bbox 2139 2228 2403 2293; x_wconf 85' lang='lat' dir='ltr'>rexGul:</span> <span class='ocrx_word' id='word_1_186' title='bbox 2420 2228 2686 2311; x_wconf 84' lang='lat' dir='ltr'>graviter</span> <span class='ocrx_word' id='word_1_187' title='bbox 2778 2226 2785 2235; x_wconf 83' lang='grc'><strong>’</strong></span> 
     </span>
     <span class='ocr_line' id='line_1_28' title="bbox 635 2311 2699 2400; baseline -0.003 -20"><span class='ocrx_word' id='word_1_188' title='bbox 635 2311 889 2380; x_wconf 71' lang='lat' dir='ltr'>offensus</span> <span class='ocrx_word' id='word_1_189' title='bbox 919 2314 1131 2379; x_wconf 89' lang='lat' dir='ltr'>ducem</span> <span class='ocrx_word' id='word_1_190' title='bbox 1160 2316 1464 2400; x_wconf 85' lang='lat' dir='ltr'>quendam</span> <span class='ocrx_word' id='word_1_191' title='bbox 1494 2338 1635 2381; x_wconf 88' lang='lat' dir='ltr'>cum</span> <span class='ocrx_word' id='word_1_192' title='bbox 1664 2316 1951 2392; x_wconf 81' lang='lat' dir='ltr'>exercitu,</span> <span class='ocrx_word' id='word_1_193' title='bbox 2000 2332 2069 2379; x_wconf 92' lang='lat' dir='ltr'>ut</span> <span class='ocrx_word' id='word_1_194' title='bbox 2112 2315 2241 2397; x_wconf 77' lang='lat' dir='ltr'>ejus</span> <span class='ocrx_word' id='word_1_195' title='bbox 2284 2330 2535 2379; x_wconf 86' lang='lat' dir='ltr'>mortem</span> <span class='ocrx_word' id='word_1_196' title='bbox 2588 2314 2699 2376; x_wconf 60' lang='lat' dir='ltr'>ul·⁴</span> 
     </span>
     <span class='ocr_line' id='line_1_29' title="bbox 638 2401 2689 2480; baseline -0.001 -13"><span class='ocrx_word' id='word_1_197' title='bbox 638 2401 970 2480; x_wconf 87' lang='lat' dir='ltr'>cisceretur,</span> <span class='ocrx_word' id='word_1_198' title='bbox 1018 2403 1253 2466; x_wconf 85' lang='lat' dir='ltr'>direxit.</span> <span class='ocrx_word' id='word_1_199' title='bbox 1341 2403 1497 2466; x_wconf 86' lang='lat' dir='ltr'>Cum</span> <span class='ocrx_word' id='word_1_200' title='bbox 1528 2419 1727 2468; x_wconf 83' lang='lat' dir='ltr'>autem</span> <span class='ocrx_word' id='word_1_201' title='bbox 1757 2403 1833 2466; x_wconf 88' lang='lat' dir='ltr'>ad</span> <span class='ocrx_word' id='word_1_202' title='bbox 1862 2405 2249 2470; x_wconf 85' lang='lat' dir='ltr'>Alvertonam</span> <span class='ocrx_word' id='word_1_203' title='bbox 2277 2403 2579 2477; x_wconf 77' lang='lat' dir='ltr'>venissent,</span> <span class='ocrx_word' id='word_1_204' title='bbox 2624 2403 2689 2464; x_wconf 73' lang='grc' dir='ltr'>δε</span> 
     </span>
     <span class='ocr_line' id='line_1_30' title="bbox 635 2489 2688 2575; baseline -0 -22"><span class='ocrx_word' id='word_1_205' title='bbox 635 2495 761 2574; x_wconf 85' lang='lat' dir='ltr'>jam</span> <span class='ocrx_word' id='word_1_206' title='bbox 792 2511 972 2555; x_wconf 82' lang='lat' dir='ltr'>mane</span> <span class='ocrx_word' id='word_1_207' title='bbox 999 2489 1160 2554; x_wconf 67' lang='lat' dir='ltr'>fusto</span> <span class='ocrx_word' id='word_1_208' title='bbox 1200 2491 1569 2554; x_wconf 88' lang='lat' dir='ltr'>Dunelmum</span> <span class='ocrx_word' id='word_1_209' title='bbox 1619 2489 1941 2575; x_wconf 64' lang='lat' dir='ltr'>profecturi</span> <span class='ocrx_word' id='word_1_210' title='bbox 1991 2492 2189 2568; x_wconf 73' lang='lat' dir='ltr'>essent,</span> <span class='ocrx_word' id='word_1_211' title='bbox 2238 2506 2397 2554; x_wconf 84' lang='lat' dir='ltr'>tanta</span> <span class='ocrx_word' id='word_1_212' title='bbox 2442 2489 2688 2554; x_wconf 88' lang='lat' dir='ltr'>nebula·</span> 
     </span>
     <span class='ocr_line' id='line_1_31' title="bbox 644 2575 2689 2654; baseline -0.001 -12"><span class='ocrx_word' id='word_1_213' title='bbox 644 2583 782 2643; x_wconf 67' lang='lat' dir='ltr'>ru‘m</span> <span class='ocrx_word' id='word_1_214' title='bbox 833 2578 1085 2643; x_wconf 77' lang='lat' dir='ltr'>denfit&#39;as</span> <span class='ocrx_word' id='word_1_215' title='bbox 1131 2595 1262 2640; x_wconf 86' lang='lat' dir='ltr'>orta</span> <span class='ocrx_word' id='word_1_216' title='bbox 1306 2579 1410 2654; x_wconf 89' lang='lat' dir='ltr'>est,</span> <span class='ocrx_word' id='word_1_217' title='bbox 1457 2595 1528 2640; x_wconf 88' lang='lat' dir='ltr'>ut</span> <span class='ocrx_word' id='word_1_218' title='bbox 1560 2581 1659 2644; x_wconf 83' lang='lat' dir='ltr'>vix</span> <span class='ocrx_word' id='word_1_219' title='bbox 1702 2579 1949 2643; x_wconf 85' lang='lat' dir='ltr'>astantes</span> <span class='ocrx_word' id='word_1_220' title='bbox 1984 2581 2335 2642; x_wconf 85' lang='lat' dir='ltr'>alterutrum</span> <span class='ocrx_word' id='word_1_221' title='bbox 2384 2575 2441 2642; x_wconf 89' lang='lat' dir='ltr'>se</span> <span class='ocrx_word' id='word_1_222' title='bbox 2487 2575 2689 2642; x_wconf 85' lang='lat' dir='ltr'>videre</span> 
     </span>
     <span class='ocr_line' id='line_1_32' title="bbox 647 2665 2687 2750; baseline 0 -20"><span class='ocrx_word' id='word_1_223' title='bbox 647 2667 894 2750; x_wconf 74' lang='lat' dir='ltr'>possent,</span> <span class='ocrx_word' id='word_1_224' title='bbox 941 2682 1049 2731; x_wconf 85' lang='lat' dir='ltr'>aut</span> <span class='ocrx_word' id='word_1_225' title='bbox 1078 2665 1233 2730; x_wconf 87' lang='lat' dir='ltr'>viam</span> <span class='ocrx_word' id='word_1_226' title='bbox 1263 2667 1556 2732; x_wconf 85' lang='lat' dir='ltr'>invenire:</span> <span class='ocrx_word' id='word_1_227' title='bbox 1604 2671 1717 2731; x_wconf 65' lang='lat' dir='ltr'>Sec.</span> <span class='ocrx_word' id='word_1_228' title='bbox 1784 2684 1851 2730; x_wconf 90' lang='lat' dir='ltr'>ut</span> <span class='ocrx_word' id='word_1_229' title='bbox 1884 2670 2095 2730; x_wconf 86' lang='lat' dir='ltr'>timore</span> <span class='ocrx_word' id='word_1_230' title='bbox 2136 2671 2196 2733; x_wconf 90' lang='lat' dir='ltr'>S.</span> <span class='ocrx_word' id='word_1_231' title='bbox 2230 2665 2555 2732; x_wconf 86' lang='lat' dir='ltr'>Cuthberti</span> <span class='ocrx_word' id='word_1_232' title='bbox 2595 2688 2687 2730; x_wconf 86' lang='lat' dir='ltr'>re·</span> 
     </span>
     <span class='ocr_line' id='line_1_33' title="bbox 639 2753 2503 2820; baseline -0.001 0"><span class='ocrx_word' id='word_1_233' title='bbox 639 2753 788 2820; x_wconf 78' lang='lat' dir='ltr'>versi</span> <span class='ocrx_word' id='word_1_234' title='bbox 834 2753 967 2818; x_wconf 85' lang='lat' dir='ltr'>fiut.</span> <span class='ocrx_word' id='word_1_235' title='bbox 2495 2811 2503 2818; x_wconf 78' lang='grc'><strong><em>,</em></strong></span> 
     </span>
    </p>

    <p class='ocr_par' dir='ltr' id='par_1_9' title="bbox 639 2841 2707 4046">
     <span class='ocr_line' id='line_1_34' title="bbox 730 2841 2692 2926; baseline -0.001 -21"><span class='ocrx_word' id='word_1_236' title='bbox 730 2843 960 2906; x_wconf 87' lang='lat' dir='ltr'>Eodem</span> <span class='ocrx_word' id='word_1_237' title='bbox 987 2863 1144 2907; x_wconf 81' lang='lat' dir='ltr'>anno</span> <span class='ocrx_word' id='word_1_238' title='bbox 1175 2841 1474 2906; x_wconf 82' lang='lat' dir='ltr'>Haroldns</span> <span class='ocrx_word' id='word_1_239' title='bbox 1506 2843 1565 2905; x_wconf 75' lang='lat' dir='ltr'>Sc</span> <span class='ocrx_word' id='word_1_240' title='bbox 1589 2845 1879 2917; x_wconf 79' lang='lat' dir='ltr'>Canutus,</span> <span class='ocrx_word' id='word_1_241' title='bbox 1925 2841 2033 2906; x_wconf 83' lang='lat' dir='ltr'>filii</span> <span class='ocrx_word' id='word_1_242' title='bbox 2068 2842 2273 2906; x_wconf 76' lang='lat' dir='ltr'>Swani</span> <span class='ocrx_word' id='word_1_243' title='bbox 2304 2841 2459 2926; x_wconf 84' lang='lat' dir='ltr'>regis</span> <span class='ocrx_word' id='word_1_244' title='bbox 2482 2843 2692 2911; x_wconf 74' lang='lat' dir='ltr'>Dano-</span> 
     </span>
     <span class='ocr_line' id='line_1_35' title="bbox 641 2919 2691 3016; baseline 0 -22"><span class='ocrx_word' id='word_1_245' title='bbox 641 2949 799 3007; x_wconf 85' lang='lat' dir='ltr'>rum,</span> <span class='ocrx_word' id='word_1_246' title='bbox 844 2951 983 2994; x_wconf 90' lang='lat' dir='ltr'>cum</span> <span class='ocrx_word' id='word_1_247' title='bbox 1018 2952 1166 3014; x_wconf 88' lang='lat'>300.</span> <span class='ocrx_word' id='word_1_248' title='bbox 1214 2929 1467 2994; x_wconf 79' lang='lat' dir='ltr'>navibus</span> <span class='ocrx_word' id='word_1_249' title='bbox 1511 2933 1572 2992; x_wconf 89' lang='lat' dir='ltr'>in</span> <span class='ocrx_word' id='word_1_250' title='bbox 1601 2929 1750 2994; x_wconf 85' lang='lat' dir='ltr'>ostio</span> <span class='ocrx_word' id='word_1_251' title='bbox 1780 2930 2063 2992; x_wconf 80' lang='lat' dir='ltr'>Humbrae</span> <span class='ocrx_word' id='word_1_252' title='bbox 2108 2929 2212 2996; x_wconf 86' lang='lat' dir='ltr'>flu:</span> <span class='ocrx_word' id='word_1_253' title='bbox 2245 2919 2691 3016; x_wconf 76' lang='lat' dir='ltr'>applicuerunt,</span> 
     </span>
     <span class='ocr_line' id='line_1_36' title="bbox 639 3015 2695 3102; baseline 0.001 -22"><span class='ocrx_word' id='word_1_254' title='bbox 639 3018 868 3101; x_wconf 87' lang='lat' dir='ltr'>quibus</span> <span class='ocrx_word' id='word_1_255' title='bbox 921 3019 1230 3102; x_wconf 70' lang='lat' dir='ltr'>Endgarus</span> <span class='ocrx_word' id='word_1_256' title='bbox 1277 3017 1591 3100; x_wconf 81' lang='lat' dir='ltr'>AEtheling</span> <span class='ocrx_word' id='word_1_257' title='bbox 1640 3015 1696 3079; x_wconf 86' lang='lat' dir='ltr'>se</span> <span class='ocrx_word' id='word_1_258' title='bbox 1752 3017 2046 3098; x_wconf 79' lang='lat' dir='ltr'>adjunxit.</span> <span class='ocrx_word' id='word_1_259' title='bbox 2157 3016 2489 3084; x_wconf 86' lang='lat' dir='ltr'>Normanni</span> <span class='ocrx_word' id='word_1_260' title='bbox 2546 3037 2695 3082; x_wconf 83' lang='lat' dir='ltr'>vero</span> 
     </span>
     <span class='ocr_line' id='line_1_37' title="bbox 642 3099 2697 3180; baseline 0.001 -13"><span class='ocrx_word' id='word_1_261' title='bbox 642 3101 918 3172; x_wconf 80' lang='lat' dir='ltr'>custodes</span> <span class='ocrx_word' id='word_1_262' title='bbox 937 3104 1308 3168; x_wconf 85' lang='lat' dir='ltr'>castellorum</span> <span class='ocrx_word' id='word_1_263' title='bbox 1334 3105 1630 3180; x_wconf 86' lang='lat' dir='ltr'>timentes,</span> <span class='ocrx_word' id='word_1_264' title='bbox 1654 3124 1727 3168; x_wconf 83' lang='lat' dir='ltr'>ne</span> <span class='ocrx_word' id='word_1_265' title='bbox 1752 3103 1967 3169; x_wconf 85' lang='lat' dir='ltr'>domus</span> <span class='ocrx_word' id='word_1_266' title='bbox 1991 3102 2259 3170; x_wconf 85' lang='lat' dir='ltr'>suburbii</span> <span class='ocrx_word' id='word_1_267' title='bbox 2284 3106 2470 3170; x_wconf 85' lang='lat' dir='ltr'>Danis</span> <span class='ocrx_word' id='word_1_268' title='bbox 2490 3099 2697 3170; x_wconf 87' lang='lat' dir='ltr'>forent</span> 
     </span>
     <span class='ocr_line' id='line_1_38' title="bbox 644 3189 2693 3276; baseline 0.001 -20"><span class='ocrx_word' id='word_1_269' title='bbox 644 3189 950 3275; x_wconf 83' lang='lat' dir='ltr'>suffragia,</span> <span class='ocrx_word' id='word_1_270' title='bbox 995 3213 1094 3256; x_wconf 87' lang='lat' dir='ltr'>eas</span> <span class='ocrx_word' id='word_1_271' title='bbox 1146 3191 1462 3255; x_wconf 84' lang='lat' dir='ltr'>incendere</span> <span class='ocrx_word' id='word_1_272' title='bbox 1506 3207 1841 3276; x_wconf 85' lang='lat' dir='ltr'>coeperunt.</span> <span class='ocrx_word' id='word_1_273' title='bbox 1933 3193 2051 3257; x_wconf 90' lang='lat' dir='ltr'>Sed</span> <span class='ocrx_word' id='word_1_274' title='bbox 2097 3192 2339 3262; x_wconf 76' lang='lat' dir='ltr'>flamma</span> <span class='ocrx_word' id='word_1_275' title='bbox 2383 3194 2560 3257; x_wconf 83' lang='lat' dir='ltr'>nimis</span> <span class='ocrx_word' id='word_1_276' title='bbox 2585 3213 2693 3258; x_wconf 82' lang='lat' dir='ltr'>ex·</span> 
     </span>
     <span class='ocr_line' id='line_1_39' title="bbox 645 3274 2696 3366; baseline 0.001 -24"><span class='ocrx_word' id='word_1_277' title='bbox 645 3274 910 3366; x_wconf 85' lang='lat' dir='ltr'>crescens</span> <span class='ocrx_word' id='word_1_278' title='bbox 935 3277 1141 3344; x_wconf 88' lang='lat' dir='ltr'>urbem</span> <span class='ocrx_word' id='word_1_279' title='bbox 1161 3279 1349 3342; x_wconf 84' lang='lat' dir='ltr'>Ebor:</span> <span class='ocrx_word' id='word_1_280' title='bbox 1372 3300 1513 3341; x_wconf 88' lang='lat' dir='ltr'>cum</span> <span class='ocrx_word' id='word_1_281' title='bbox 1546 3279 1859 3342; x_wconf 82' lang='lat' dir='ltr'>monaster:</span> <span class='ocrx_word' id='word_1_282' title='bbox 1884 3283 1942 3342; x_wconf 91' lang='lat' dir='ltr'>S.</span> <span class='ocrx_word' id='word_1_283' title='bbox 1961 3281 2121 3344; x_wconf 89' lang='lat' dir='ltr'>Petri</span> <span class='ocrx_word' id='word_1_284' title='bbox 2134 3278 2516 3366; x_wconf 76' lang='lat' dir='ltr'>consumpsit.</span> <span class='ocrx_word' id='word_1_285' title='bbox 2574 3280 2696 3346; x_wconf 88' lang='lat' dir='ltr'>Sed</span> 
     </span>
     <span class='ocr_line' id='line_1_40' title="bbox 647 3363 2697 3452; baseline 0.001 -22"><span class='ocrx_word' id='word_1_286' title='bbox 647 3381 789 3430; x_wconf 84' lang='lat' dir='ltr'>ante</span> <span class='ocrx_word' id='word_1_287' title='bbox 837 3363 1016 3429; x_wconf 86' lang='lat' dir='ltr'>finem</span> <span class='ocrx_word' id='word_1_288' title='bbox 1063 3369 1322 3430; x_wconf 86' lang='lat' dir='ltr'>incendii</span> <span class='ocrx_word' id='word_1_289' title='bbox 1369 3367 1601 3430; x_wconf 78' lang='lat' dir='ltr'>Danica</span> <span class='ocrx_word' id='word_1_290' title='bbox 1636 3367 1820 3430; x_wconf 72' lang='lat' dir='ltr'>classis</span> <span class='ocrx_word' id='word_1_291' title='bbox 1864 3365 2223 3452; x_wconf 84' lang='lat' dir='ltr'>supervenit,</span> <span class='ocrx_word' id='word_1_292' title='bbox 2266 3371 2327 3432; x_wconf 77' lang='grc' dir='ltr'>δε</span> <span class='ocrx_word' id='word_1_293' title='bbox 2367 3369 2443 3434; x_wconf 87' lang='lat' dir='ltr'>de</span> <span class='ocrx_word' id='word_1_294' title='bbox 2485 3371 2697 3434; x_wconf 81' lang='lat' dir='ltr'>conni-</span> 
     </span>
     <span class='ocr_line' id='line_1_41' title="bbox 647 3453 2698 3538; baseline 0.002 -22"><span class='ocrx_word' id='word_1_295' title='bbox 647 3453 844 3518; x_wconf 88' lang='lat' dir='ltr'>ventia</span> <span class='ocrx_word' id='word_1_296' title='bbox 887 3455 1109 3518; x_wconf 86' lang='lat' dir='ltr'>civium</span> <span class='ocrx_word' id='word_1_297' title='bbox 1150 3455 1285 3538; x_wconf 88' lang='lat' dir='ltr'>plus</span> <span class='ocrx_word' id='word_1_298' title='bbox 1323 3473 1505 3536; x_wconf 87' lang='lat' dir='ltr'>quarn</span> <span class='ocrx_word' id='word_1_299' title='bbox 1547 3475 1735 3528; x_wconf 84' lang='lat'>4000.</span> <span class='ocrx_word' id='word_1_300' title='bbox 1782 3455 1969 3519; x_wconf 84' lang='lat' dir='ltr'>millia</span> <span class='ocrx_word' id='word_1_301' title='bbox 1997 3459 2480 3522; x_wconf 87' lang='lat' dir='ltr'>Normannorum</span> <span class='ocrx_word' id='word_1_302' title='bbox 2513 3456 2698 3520; x_wconf 86' lang='lat' dir='ltr'>truci-</span> 
     </span>
     <span class='ocr_line' id='line_1_42' title="bbox 645 3541 2697 3626; baseline 0 -20"><span class='ocrx_word' id='word_1_303' title='bbox 645 3541 833 3606; x_wconf 82' lang='lat' dir='ltr'>davit.</span> <span class='ocrx_word' id='word_1_304' title='bbox 923 3541 1074 3606; x_wconf 89' lang='lat' dir='ltr'>Inde</span> <span class='ocrx_word' id='word_1_305' title='bbox 1106 3563 1213 3605; x_wconf 85' lang='lat' dir='ltr'>rex</span> <span class='ocrx_word' id='word_1_306' title='bbox 1251 3542 1400 3604; x_wconf 88' lang='lat' dir='ltr'>Gul:</span> <span class='ocrx_word' id='word_1_307' title='bbox 1433 3541 1779 3626; x_wconf 79' lang='lat' dir='ltr'>indignatus</span> <span class='ocrx_word' id='word_1_308' title='bbox 1808 3545 1889 3606; x_wconf 84' lang='lat' dir='ltr'>ita</span> <span class='ocrx_word' id='word_1_309' title='bbox 1934 3543 2301 3626; x_wconf 80' lang='lat' dir='ltr'>provinciam</span> <span class='ocrx_word' id='word_1_310' title='bbox 2330 3543 2494 3607; x_wconf 85' lang='lat' dir='ltr'>illam</span> <span class='ocrx_word' id='word_1_311' title='bbox 2524 3545 2697 3608; x_wconf 85' lang='lat' dir='ltr'>deva·</span> 
     </span>
     <span class='ocr_line' id='line_1_43' title="bbox 647 3625 2699 3716; baseline 0.002 -24"><span class='ocrx_word' id='word_1_312' title='bbox 647 3627 841 3707; x_wconf 83' lang='lat' dir='ltr'>stavit,</span> <span class='ocrx_word' id='word_1_313' title='bbox 889 3645 959 3692; x_wconf 90' lang='lat' dir='ltr'>ut</span> <span class='ocrx_word' id='word_1_314' title='bbox 999 3627 1158 3694; x_wconf 86' lang='lat' dir='ltr'>fame</span> <span class='ocrx_word' id='word_1_315' title='bbox 1207 3625 1594 3693; x_wconf 87' lang='lat' dir='ltr'>invalescente</span> <span class='ocrx_word' id='word_1_316' title='bbox 1640 3631 1907 3693; x_wconf 84' lang='lat' dir='ltr'>homines</span> <span class='ocrx_word' id='word_1_317' title='bbox 1946 3633 2255 3716; x_wconf 84' lang='lat' dir='ltr'>equinam,</span> <span class='ocrx_word' id='word_1_318' title='bbox 2298 3633 2590 3710; x_wconf 82' lang='lat' dir='ltr'>caninam,</span> <span class='ocrx_word' id='word_1_319' title='bbox 2637 3633 2699 3696; x_wconf 82' lang='lat'>&amp;</span> 
     </span>
     <span class='ocr_line' id='line_1_44' title="bbox 648 3717 2701 3793; baseline 0.002 -13"><span class='ocrx_word' id='word_1_320' title='bbox 648 3719 928 3793; x_wconf 81' lang='lat' dir='ltr'>catinam,</span> <span class='ocrx_word' id='word_1_321' title='bbox 971 3735 1038 3780; x_wconf 88' lang='lat' dir='ltr'>ac</span> <span class='ocrx_word' id='word_1_322' title='bbox 1067 3720 1249 3780; x_wconf 82' lang='lat' dir='ltr'>etiam</span> <span class='ocrx_word' id='word_1_323' title='bbox 1279 3717 1595 3782; x_wconf 82' lang='lat' dir='ltr'>humanam</span> <span class='ocrx_word' id='word_1_324' title='bbox 1625 3737 1857 3781; x_wconf 86' lang='lat' dir='ltr'>carnem</span> <span class='ocrx_word' id='word_1_325' title='bbox 1878 3719 2275 3784; x_wconf 85' lang='lat' dir='ltr'>comederent.</span> <span class='ocrx_word' id='word_1_326' title='bbox 2366 3723 2563 3783; x_wconf 84' lang='lat' dir='ltr'>Terra</span> <span class='ocrx_word' id='word_1_327' title='bbox 2592 3741 2701 3784; x_wconf 85' lang='lat' dir='ltr'>au-</span> 
     </span>
     <span class='ocr_line' id='line_1_45' title="bbox 649 3803 2707 3890; baseline 0.003 -24"><span class='ocrx_word' id='word_1_328' title='bbox 649 3821 768 3867; x_wconf 89' lang='lat' dir='ltr'>tem</span> <span class='ocrx_word' id='word_1_329' title='bbox 801 3823 944 3887; x_wconf 81' lang='lat' dir='ltr'>quae</span> <span class='ocrx_word' id='word_1_330' title='bbox 965 3807 1118 3868; x_wconf 89' lang='lat' dir='ltr'>inter</span> <span class='ocrx_word' id='word_1_331' title='bbox 1143 3805 1511 3868; x_wconf 87' lang='lat' dir='ltr'>Dunelrnum</span> <span class='ocrx_word' id='word_1_332' title='bbox 1544 3803 1601 3868; x_wconf 72' lang='grc' dir='ltr'>δι</span> <span class='ocrx_word' id='word_1_333' title='bbox 1642 3805 1831 3868; x_wconf 81' lang='lat' dir='ltr'>Ebor:</span> <span class='ocrx_word' id='word_1_334' title='bbox 1868 3808 2026 3888; x_wconf 88' lang='lat' dir='ltr'>jacet</span> <span class='ocrx_word' id='word_1_335' title='bbox 2067 3827 2130 3890; x_wconf 88' lang='lat'>9.</span> <span class='ocrx_word' id='word_1_336' title='bbox 2177 3810 2343 3871; x_wconf 81' lang='lat' dir='ltr'>annis</span> <span class='ocrx_word' id='word_1_337' title='bbox 2370 3807 2707 3872; x_wconf 79' lang='lat' dir='ltr'>habitatore</span> 
     </span>
     <span class='ocr_line' id='line_1_46' title="bbox 651 3893 2701 4040; baseline 0.002 -84"><span class='ocrx_word' id='word_1_338' title='bbox 651 3895 710 3956; x_wconf 86' lang='lat'>&amp;</span> <span class='ocrx_word' id='word_1_339' title='bbox 764 3893 998 4040; x_wconf 46' lang='lat' dir='ltr'>{ultore</span> <span class='ocrx_word' id='word_1_340' title='bbox 1051 3894 1263 3969; x_wconf 84' lang='lat' dir='ltr'>caruit,</span> <span class='ocrx_word' id='word_1_341' title='bbox 1343 3907 1601 3976; x_wconf 83' lang='lat' dir='ltr'>excepto</span> <span class='ocrx_word' id='word_1_342' title='bbox 1654 3895 1957 3958; x_wconf 87' lang='lat' dir='ltr'>territorio</span> <span class='ocrx_word' id='word_1_343' title='bbox 2005 3897 2068 3960; x_wconf 89' lang='lat' dir='ltr'>S.</span> <span class='ocrx_word' id='word_1_344' title='bbox 2122 3897 2373 3977; x_wconf 80' lang='lat' dir='ltr'>Joaunis</span> <span class='ocrx_word' id='word_1_345' title='bbox 2422 3895 2701 3960; x_wconf 80' lang='lat' dir='ltr'>Beverla·</span> 
     </span>
     <span class='ocr_line' id='line_1_47' title="bbox 651 3999 862 4046; baseline -0.024 0"><span class='ocrx_word' id='word_1_346' title='bbox 651 3999 761 4046; x_wconf 85' lang='lat' dir='ltr'>cen</span> <span class='ocrx_word' id='word_1_347' title='bbox 791 4001 862 4042; x_wconf 75' lang='lat' dir='ltr'>is.</span> 
     </span>
    </p>

    <p class='ocr_par' dir='ltr' id='par_1_10' title="bbox 655 4063 2711 4242">
     <span class='ocr_line' id='line_1_48' title="bbox 745 4063 2711 4155; baseline 0.002 -23"><span class='ocrx_word' id='word_1_348' title='bbox 745 4065 1090 4152; x_wconf 83' lang='lat' dir='ltr'>Egelwinus</span> <span class='ocrx_word' id='word_1_349' title='bbox 1119 4063 1426 4151; x_wconf 84' lang='lat' dir='ltr'>episcopus</span> <span class='ocrx_word' id='word_1_350' title='bbox 1453 4067 1663 4131; x_wconf 83' lang='lat' dir='ltr'>audito</span> <span class='ocrx_word' id='word_1_351' title='bbox 1694 4065 1945 4131; x_wconf 83' lang='lat' dir='ltr'>adventu</span> <span class='ocrx_word' id='word_1_352' title='bbox 1967 4067 2117 4132; x_wconf 82' lang='lat' dir='ltr'>Gul:</span> <span class='ocrx_word' id='word_1_353' title='bbox 2145 4071 2297 4155; x_wconf 74' lang='lat' dir='ltr'>regis</span> <span class='ocrx_word' id='word_1_354' title='bbox 2318 4069 2505 4152; x_wconf 84' lang='lat' dir='ltr'>prima</span> <span class='ocrx_word' id='word_1_355' title='bbox 2528 4069 2711 4135; x_wconf 66' lang='lat' dir='ltr'>noete.</span> 
     </span>
     <span class='ocr_line' id='line_1_49' title="bbox 655 4153 2704 4242; baseline 0 -21"><span class='ocrx_word' id='word_1_356' title='bbox 655 4153 689 4221; x_wconf 81' lang='lat' dir='ltr'>s</span> <span class='ocrx_word' id='word_1_357' title='bbox 689 4157 811 4242; x_wconf 80' lang='lat' dir='ltr'>ugit</span> <span class='ocrx_word' id='word_1_358' title='bbox 843 4153 918 4223; x_wconf 79' lang='lat' dir='ltr'>ad</span> <span class='ocrx_word' id='word_1_359' title='bbox 944 4157 1205 4222; x_wconf 79' lang='lat' dir='ltr'>Girumu</span> <span class='ocrx_word' id='word_1_360' title='bbox 1236 4175 1372 4221; x_wconf 83' lang='lat' dir='ltr'>curn</span> <span class='ocrx_word' id='word_1_361' title='bbox 1392 4175 1639 4240; x_wconf 85' lang='lat' dir='ltr'>corpore</span> <span class='ocrx_word' id='word_1_362' title='bbox 1666 4160 1724 4219; x_wconf 91' lang='lat' dir='ltr'>S.</span> <span class='ocrx_word' id='word_1_363' title='bbox 1756 4157 2099 4235; x_wconf 76' lang='lat' dir='ltr'>Cuthberti,</span> <span class='ocrx_word' id='word_1_364' title='bbox 2148 4175 2204 4225; x_wconf 84' lang='lat'>2.</span> <span class='ocrx_word' id='word_1_365' title='bbox 2240 4156 2413 4223; x_wconf 57' lang='lat' dir='ltr'>nocte</span> <span class='ocrx_word' id='word_1_366' title='bbox 2434 4161 2491 4220; x_wconf 87' lang='lat' dir='ltr'>in</span> <span class='ocrx_word' id='word_1_367' title='bbox 2516 4160 2704 4222; x_wconf 88' lang='lat' dir='ltr'>Bede-</span> 
     </span>
    </p>
   </div>
   <div class='ocr_carea' id='block_1_5' title="bbox 617 4245 2703 4372">
    <p class='ocr_par' dir='ltr' id='par_1_11' title="bbox 617 4245 2703 4372">
     <span class='ocr_line' id='line_1_50' title="bbox 617 4245 2703 4372; baseline 0.001 -64"><span class='ocrx_word' id='word_1_368' title='bbox 617 4333 660 4372; x_wconf 40' lang='grc' dir='ltr'><em>β</em></span> <span class='ocrx_word' id='word_1_369' title='bbox 2450 4245 2703 4329; x_wconf 81' lang='lat' dir='ltr'>liugton,</span> 
     </span>
    </p>
   </div>
  </div>
 </body>
</html>
