2975 4800
393 243 1186 332 ANTIQUARII
1247 243 2110 312 COLLECTANEA.
2439 267 2628 338 325.

207 381 436 444 cotnitis
463 381 610 456 filia,
657 379 1124 442 Ethelwardum
1151 381 1208 442 &
1231 379 1551 444 Edwinnm
1578 381 1807 464 genuit,
1852 383 1913 444 &
1938 378 2041 446 sex
2076 381 2247 459 filias,

205 489 458 550 quarum
489 467 774 531 AEdfleda
803 463 1256 530 sanctimonialis
1302 485 1436 530 cum
1463 465 1661 530 sorore
1704 467 2043 534 Ethelhilda
2087 469 2249 554 apud

209 557 556 618 Wiltoniam
587 551 924 638 requiescit.
1016 553 1240 638 Edgiva
1265 555 1494 618 Othoni
1522 557 1635 617 Ro.
1668 554 1937 638 imperat:
1966 557 2245 640 copulata

205 640 305 704 est.
393 643 694 706 Eadhnda
715 641 940 704 Carolo
960 635 1315 704 Francorum
1339 644 1486 724 regi,
1519 639 1731 704 Sancta
1755 643 2019 726 Edgitba
2042 645 2253 709 Siricio

209 731 328 814 regi
369 729 1050 804 Nordanhumbrorum,
1113 729 1310 813 Aigivi
1363 731 1611 812 Hugoni
1640 727 1770 791 filio
1796 731 1965 792 ducis
2002 731 2251 796 Roberti

209 816 268 877 in
305 831 334 862 ⁰
371 817 758 881 matrimonio
787 816 1016 878 traditae
1045 813 1198 880 sunt.
1284 818 1382 881 Ex
1407 817 1663 900 conjuge
1690 835 1938 902 quoque
1982 819 2247 903 Edgitha

209 932 410 1014 genuit
441 929 840 992 Edmundum
869 931 926 991 &
955 929 1282 994 Edredum.

291 1021 473 1080 Anno
517 1021 598 1080 D.
633 1035 784 1096 902.
829 1017 1166 1081 Edwardus
1217 1019 1423 1081 Senior
1461 1013 1753 1080 interfecit
1800 1017 2246 1086 Ethelwoldum

209 1105 532 1179 clitonem,
577 1105 639 1166 8t
669 1105 900 1186 aliquot
929 1105 1152 1169 nobiles
1181 1107 1384 1168 Dauos
1435 1118 1645 1188 aperto
1694 1108 1887 1170 Marte
1934 1107 2085 1172 inter
2118 1111 2248 1174 duo

211 1187 412 1254 foss’ata
439 1195 504 1254 S.
541 1191 872 1254 Edmundi.

293 1281 474 1340 Anno
503 1281 587 1340 D.
623 1297 772 1358 917.
819 1299 922 1341 rex
952 1277 1278 1342 Edwardus
1321 1278 1483 1362 apud
1524 1277 1864 1344 Maldonam
1912 1282 1973 1344 in
2016 1283 2247 1348 Effaxia

211 1364 468 1447 burgum
495 1366 556 1427 &
585 1385 782 1427 arcem
825 1365 1150 1430 aedifioevit.

294 1452 658 1532 Pollesbyria
684 1453 1044 1528 coenobium.
2267 1468 2571 1523 pollesworth

295 1541 426 1600 Rex
477 1539 838 1602 Edmundus
877 1537 1058 1602 frater
1089 1539 1410 1607 Ethelstani
1442 1539 1619 1604 beato
1670 1555 1883 1622 marty=
1920 1541 2245 1610 Edmundo
2274 1539 2525 1606 ΝΜ·

211 1625 370 1688 dedit
399 1624 954 1690 Bederichesworth
981 1627 1176 1689 villam
1205 1631 1424 1710 regiam
1452 1631 1635 1690 Anno
1664 1631 1743 1691 D.
1780 1649 1862 1710 94
1874 1647 1933 1712 5.

299 1719 480 1776 Anno
509 1717 594 1776 D.
625 1715 774 1794 946.
824 1714 1182 1777 Edmundus
1223 1735 1326 1777 rex
1361 1713 1390 1776 a
1432 1713 1593 1779 Leof
1630 1716 1856 1779 latrone
1883 1737 1961 1800 yn
2000 1719 2245 1784 Michel·

195 1799 368 1862 ·benh
397 1800 540 1862 villa
567 1801 730 1883 regia
771 1798 1142 1866 interfefius.

295 1891 474 1949 Anno
509 1891 590 1948 D.
625 1891 776 1968 961.
819 1888 1122 1972 Ordgarus
1149 1909 1344 1951 comes
1373 1891 1659 1952 Devoniae
1686 1888 2020 1954 construxit
2046 1913 2247 1956 coeno-

215 1973 379 2037 bium
411 1975 836 2038 monachorum
866 1975 1030 2058 apud
1061 1976 1403 2040 Tavistoke.

301 2059 576 2146 Edgarus
603 2063 882 2125 moniales
910 2065 1286 2146 congregavit
1315 2065 1378 2124 in
1401 2060 1713 2124 monaster=
1741 2059 2043 2135 Ramefiae,
2085 2065 2255 2148 quod

217 2167 360 2210 avus
381 2147 520 2211 suus
545 2151 796 2211 Edwius
819 2169 925 2212 rex
946 2151 1327 2213 aedificaverat
1351 2170 1506 2212 anno
1530 2151 1611 2212 D.
1637 2151 1786 2230 968.
1852 2152 2076 2212 Eodem
2100 2173 2259 2216 anno

225 2235 489 2318 Edgarus
535 2239 922 2319 congregavit
967 2237 1284 2302 monachos
1333 2238 1394 2299 in
1443 2237 1695 2311 Exonia,
1743 2238 1801 2298 ἃ
1832 2239 2243 2306 Sidimannum

221 2324 484 2385 abbatem
515 2324 632 2386 illis
662 2320 946 2406 praefecit.

303 2412 582 2475 Almarus
625 2432 820 2474 comes
870 2410 1250 2477 Devonienfis
1303 2427 1564 2495 tempore
1602 2410 1905 2477 Ethelredi
1949 2418 2101 2499 regis
2143 2416 2251 2483 filii

223 2498 464 2581 Edgari.

304 2592 484 2648 Anno
505 2588 586 2648 D.
623 2586 806 2649 1016.
837 2586 1146 2649 Uthredus
1173 2588 1234 2649 &
1261 2584 1637 2650 Turketillus
1663 2589 1905 2651 comites
1924 2589 2249 2653 Northume

213 2670 362 2751 juss'u
393 2676 614 2737 Canuti
644 2671 962 2736 interfecti.

309 2758 564 2843 Egricus
597 2768 629 2825 ὲ
657 2764 896 2823 Canuto
925 2780 1036 2843 pro
1065 2758 1338 2823 Uthredo
1363 2778 1563 2821 comes
1594 2758 1804 2821 fastu&

303 2848 530 2909 Bellum
561 2850 712 2909 inter
742 2844 1132 2911 Edmundum
1172 2849 1235 2909 &
1281 2850 1583 2911 Canutum
1635 2848 1795 2928 apud
1836 2846 2135 2929 planitiem
2179 2848 2255 2913 de

223 2935 552 2997 Affchedon
581 2936 640 2995 in
682 2936 926 2999 Mercia.

304 3022 558 3084 Edi-icus
581 3022 710 3085 dux
729 3025 1088 3085 Men-ciorum
1117 3020 1387 3105 proditor
1407 3017 1715 3084 Edmundi
1742 3021 1958 3085 Canuti
1978 3022 2133 3103 juffu
2164 3026 2254 3089 in·

223 3108 504 3173 terfeftus
525 3108 610 3171 est
639 3130 796 3171 auno
834 3130 1019 3187 1017.

301 3198 482 3259 Anno
519 3216 710 3279 1032.
754 3200 1025 3259 Canutus
1071 3214 1176 3257 rex
1221 3194 1527 3257 monaster=
1571 3194 1646 3258 de
1676 3196 1876 3267 Ulmo,
1923 3196 1983 3257 &
2010 3198 2159 3259 viam
2188 3200 2251 3261 in

223 3284 466 3347 marisco
494 3288 647 3346 inter
669 3280 952 3364 Ramesey
973 3284 1310 3365 &Burgum
1341 3284 1505 3364 quod
1538 3281 1891 3365 Kingesdelf
1911 3284 2149 3363 dicitur,
2184 3302 2255 3349 ut

221 3372 550 3453 periculum
580 3392 740 3454 mag:
775 3368 1114 3453 stagnorum
1144 3374 1442 3442 vitaretur,
1489 3370 1843 3433 eruderavit.
2081 3384 2091 3395 ⁶

302 3460 560 3521 Bolham
593 3458 919 3521 manerium
945 3456 1184 3519 Haroldi
1216 3456 1320 3517 filii
1353 3456 1642 3518 Goduini.

303 3548 650 3609 Gulielmus
681 3548 808 3607 dux
835 3548 1122 3606 Nor-mam
1171 3564 1246 3605 ex
1273 3548 1471 3625 regina
1504 3544 1753 3605 Matilda
1796 3544 2009 3608 multos
2040 3544 2256 3612 liberos
2278 3566 2383 3634 pag.
2404 3573 2532 3629 με.

223 3638 450 3715 genuit,
485 3634 846 3705 Robertum‚
879 3630 1266 3703 Richardum,
1299 3630 1686 3706 Gulielmum,
1718 3634 2058 3707 Henricum,
2103 3654 2255 3716 quo·

225 3742 352 3783 rum
385 3722 718 3783 Richatdus
748 3723 808 3781 in
837 3738 988 3779 nova
1018 3717 1251 3780 Fon-esta
1279 3716 1585 3799 insequens
1611 3738 1849 3781 cervum
1876 3720 1935 3779 in
1972 3720 2253 3786 morbum

223 3807 466 3869 laetalem
498 3809 711 3869 incidit
821 3807 986 3869 Filiae
1011 3804 1188 3887 ipsius
1213 3821 1376 3866 erant
1403 3807 1692 3887 quinque,
1739 3825 1991 3887 quarum
2034 3809 2254 3871 Cecilia

224 3896 466 3957 Cadomi
498 3894 781 3958 abbatissa
813 3890 952 3953 fuit.
1043 3890 1380 3955 Constantia
1413 3893 1617 3953 comiti
1648 3894 1919 3954 Britann=
1968 3892 2161 3957 Alano
2188 3900 2253 3959 in

222 3984 566 4067 conjugium
615 3984 775 4045 data.
878 3980 1086 4041 Tertia
1133 3979 1322 4041 Adala
1374 3979 1654 4058 Stephani
1698 3982 1929 4041 comitis
1978 3977 2254 4047 Blesenfis

223 4088 388 4131 uxor.
481 4074 716 4155 Qarta
749 4067 1012 4147 promiss‘a
1042 4065 1232 4127 fuerat
1276 4064 1541 4127 Haroldo
1584 4065 1709 4150 regi
1751 4066 1937 4152 Angit
2024 4070 2255 4155 Qinta

217 4155 542 4231 adelfonso
571 4161 702 4242 regi
728 4152 991 4218 Castellae
1027 4154 1226 4233 jurata
1254 4150 1390 4217 fuit.

817 4330 846 4361 a
881 4312 970 4375 Sic,
1001 4328 1098 4362 cum
1121 4309 1276 4361 dachus
1290 4308 1464 4379 pta-³81]
1481 4305 1568 4375 fieb
1599 4326 1649 4361 ο.

2088 4390 2265 4454 Anno
