2975 4800
360 175 493 274 614·

350 520 465 587 Bag.
490 540 605 581 90²·

982 192 2333 272 JOANNJSLELANDI

772 340 935 425 John
962 344 1039 406 de
1066 344 1271 426 Burgh
1302 345 1488 408 maele
1517 344 1592 407 de
1608 362 1760 426 veyr
1787 360 1848 406 et
1875 344 1950 407 de
1972 345 2202 428 gouleS.
2327 354 2332 360 ”

774 432 938 512 John
960 430 1189 495 Giffard
1221 433 1295 493 de
1324 430 1532 514 goules
1561 452 1594 493 a
1628 450 1688 513 3.
1722 434 1906 493 Lions
1933 434 2185 515 dan-gent
2213 432 2484 514 paffantz.

778 518 1021 600 Geffoey
1050 520 1123 580 de
1145 516 1427 581 Genevile
1468 519 1651 580 dazur
1687 518 1742 580 al
1785 517 1930 581 chef
1961 520 2224 583 dex-mine
2263 541 2298 583 a
2340 541 2422 582 un
2459 521 2581 583 lion
2637 542 2738 584 te·

691 626 885 688 coupe
914 608 989 667 de
1031 606 1236 689 goules
1276 626 1351 667 en
1381 606 1546 667 lazur
1573 608 1657 668 iii.
1689 606 1902 669 bress'er
1941 608 2073 669 dor.

776 694 1011 756 Robert
1048 694 1123 755 de
1153 690 1407 755 clifford
1436 690 1744 755 eschekere
1791 694 1904 757 dor
1942 714 1975 755 e
2019 693 2206 757 dazur
2254 716 2290 756 a
2335 714 2459 757 une
2481 692 2622 757 feffe
2653 694 2736 757 de.

686 782 920 867 goules.
2729 804 2762 832 .·
2805 780 2820 793 “

770 866 1032 931 ΨὶΙΙῐαω
1050 868 1290 947 Crepyn
1312 865 1561 948 dat-gent
1580 888 1614 928 a
1639 881 1789 947 treys
1811 866 2014 929 barres
2036 867 2110 929 de
2131 866 2342 950 goules
2369 868 2681 951 engrellee.

772 952 1001 1033 Amat-y
1026 954 1105 1013 de
1132 954 1363 1014 Miland
1413 954 1488 1016 de
1519 950 1672 1016 sable
1706 974 1742 1013 a
1783 974 1864 1016 un
1912 955 2034 1019 lion
2081 956 2333 1038 dargent
2371 974 2640 1043 rampant
2685 974 2724 1015 a

690 1040 748 1107 la
778 1061 945 1105 cowe
971 1037 1179 1101 furche
1206 1037 1399 1183 lpscue
1427 1040 1620 1121 bylete
1647 1040 1923 1125 ἀπρεπεῖ·

773 1206 974 1285 Hem-y
993 1200 1066 1265 de
1089 1199 1402 1267 Chenouse
1431 1204 1684 1288 dar-gent
1719 1225 1752 1267 a
1779 1226 1866 1269 un
1894 1224 2070 1287 croyz
2091 1204 2166 1269 de
2199 1202 2410 1288 goules
2437 1227 2474 1271 a
2513 1222 2734 1291 quatre.

696 1290 849 1355 lions
876 1304 1149 1372 rampant
1179 1291 1385 1353 dazur.

770 1374 935 1459 John
962 1378 1037 1439 de
1080 1380 1301 1440 Mount
1328 1381 1616 1459 Morency
1640 1376 1754 1441 dor
1781 1378 2014 1463 pondre
2052 1376 2226 1463 degle
2251 1398 2286 1439 e
2327 1377 2516 1443 dazur
2541 1401 2576 1442 a
2603 1400 2726 1443 une

685 1484 857 1543 croyz
887 1464 961 1527 de
988 1464 1212 1547 goules.
1632 1526 1640 1535 ,

688 1637 729 1699 d
773 1556 863 1619 Le
890 1552 1023 1615 duk
1064 1552 1142 1614 de-
1190 1556 1473 1635 Burgoyn
1520 1550 1709 1617 bende
1747 1552 1860 1616 dor
1899 1574 1934 1616 e
1977 1552 2164 1617 dazur
2211 1574 2248 1615 a
2289 1572 2412 1615 une
2455 1552 2718 1617 bordure

731 1659 763 1703 e
833 1638 1021 1701 cules·

768 1660 857 1789 ξε
884 1738 1101 1786 counte
1142 1722 1219 1787 de
1268 1724 1450 1787 Cleve
1472 1724 1550 1787 de
1585 1726 1793 1811 goules
1821 1748 1856 1789 a
1901 1747 1983 1789 un
2021 1722 2355 1791 esc-hochon
2383 1726 2639 1810 dan-gent
2674 1742 2712 1787 a

682 1832 800 1877 une
828 1810 1141 1877 charbocle
1168 1811 1280 1875 dor
1306 1811 1504 1883 flurte.

770 1904 860 1963 Le
884 1916 1105 1963 counte
1133 1898 1209 1960 de
1238 1892 1608 1983 Luiienburg
1635 1898 1804 1963 burle
1839 1900 2092 1983 dargent
2119 1922 2154 1963 e
2179 1899 2364 1963 dazur
2389 1919 2427 1961 a
2450 1919 2573 1963 une
2597 1898 2714 1963 lion

686 1988 763 2053 de
790 1988 1001 2071 goules
1028 2001 1303 2069 rampant
1330 2006 1548 2050 corone
1574 1988 1707 2051 dor.

770 2079 861 2137 Le
886 2078 1119 2137 Counte
1146 2074 1221 2137 de
1246 2071 1477 2137 Musein
1500 2072 1574 2139 de
1597 2073 1823 2138 Goules
1851 2094 1930 2137 au
1957 2072 2164 2157 lapard
2208 2072 2323 2135 dor
2371 2078 2654 2155 rampant
2683 2090 2720 2134 a

578 2210 597 2239 .
681 2162 737 2225 la
764 2180 931 2224 cowe
962 2158 1190 2223 furcbe.

344 3480 459 3550 lag.
483 3493 599 3544 903·

768 2250 859 2311 Le
888 2262 1107 2311 counte
1135 2246 1229 2309 del
1258 2250 1464 2309 Monte
1486 2250 1732 2331 dan-gent
1761 2266 1796 2309 a
1823 2267 1906 2310 un
1935 2249 2058 2311 lion
2102 2262 2376 2330 rampant
2403 2247 2481 2311 de
2505 2248 2730 2333 goules

680 2356 715 2400 a
742 2335 800 2397 la
836 2353 1003 2397 cowe
1034 2331 1235 2416 croyse
1272 2354 1489 2397 corone
1526 2336 1637 2397 dor
1665 2354 1699 2395 a
1727 2354 1848 2397 une
1875 2336 2048 2397 laben
2079 2336 2279 2397 dazur.

771 2425 863 2483 Le
904 2437 1121 2484 counte
1148 2423 1223 2484 de
1246 2421 1500 2502 Kyburk
1543 2419 1618 2484 de
1645 2423 1817 2506 gules
1857 2443 1894 2484 a
1941 2443 2025 2486 un
2071 2422 2232 2486 bend
2259 2421 2372 2487 dor
2399 2443 2436 2488 a
2463 2423 2530 2486 ii.
2561 2423 2728 2490 lion&

683 2521 954 2592 rampant
982 2507 1115 2570 dor.

757 2600 863 2658 'Le
890 2611 1069 2659 count
1096 2596 1172 2659 de
1198 2595 1449 2659 Friburc
1477 2593 1588 2660 dor
1615 2615 1648 2658 a
1677 2615 1764 2663 un
1813 2597 1944 2682 egle
1981 2595 2058 2659 de
2091 2595 2306 2680 goules
2351 2617 2390 2662 a
2441 2617 2526 2662 un
2577 2595 2732 2662 bor-„-

682 2683 833 2748 dure
861 2683 933 2746 de
962 2703 1122 2764 veyr.

680 2856 719 2922 s
772 2774 859 2834 Le
886 2786 1099 2844 counte
1126 2769 1201 2834 de
1244 2768 1640 2853 Wircenberg
1680 2768 1794 2836 dor
1828 2790 1863 2831 a
1899 2770 2010 2834 iiie
2030 2769 2246 2854 perche
2291 2769 2368 2834 de
2411 2771 2594 2854 deym
2635 2769 2716 2842 de

706 2859 854 2922 able.

763 2950 851 3010 Le
878 2959 1097 3012 counte
1126 2943 1200 3007 de
1225 2943 1546 3024 Trersteyn
1575 2945 1686 3007 dor
1713 2966 1748 3008 a
1777 2964 1862 3010 un
1895 2940 2034 3026 byse
2059 2945 2135 3006 de
2166 2945 2399 3028 goules.

755 3037 847 3096 Le
872 3051 1089 3095 counte
1113 3032 1185 3093 de
1202 3033 1614 3113 Whitingwen
1645 3033 1802 3093 voire
1829 3031 1940 3094 dor
1977 3051 2012 3094 e
2052 3031 2130 3094 de
2154 3032 2362 3115 goules
2382 3049 2428 3094 'a
2463 3051 2588 3096 une
2623 3029 2710 3102 es·

670 3119 905 3184 cuchon
940 3121 1120 3182 dazur
1150 3139 1183 3180 a
1212 3139 1293 3180 un
1325 3115 1564 3180 sautour
1593 3119 1868 3200 dargent.

761 3210 851 3268 Le
880 3222 1095 3269 counte
1123 3205 1197 3268 de
1228 3203 1534 3284 Colesteyn
1563 3205 1676 3266 dor
1703 3227 1736 3266 a
1777 3225 1856 3266 un
1889 3201 2062 3266 cherf
2095 3205 2172 3266 de
2199 3203 2380 3270 sable.

762 3295 849 3355 Le
875 3310 1093 3354 counte
1121 3293 1197 3354 de
1227 3290 1486 3354 Herford
1511 3293 1694 3355 dazur
1723 3311 1756 3352 a
1785 3291 1858 3354 fis
1885 3293 2168 3355 Liuncels
2194 3293 2308 3356 dor
2345 3313 2382 3354 a
2411 3311 2496 3355 un
2518 3291 2720 3362 hendo·

674 3379 927 3464 dargent
952 3380 1075 3458 lyte
1098 3380 1231 3440 dor.
2609 3412 2618 3418 -

762 3471 853 3530 Le
898 3481 1119 3528 counte
1163 3467 1239 3528 de
1278 3464 1595 3528 Cornwale
1629 3465 1882 3550 dargent
1931 3485 1964 3526 a
2013 3484 2096 3527 un
2146 3465 2270 3530 lion
2307 3481 2590 3550 rampant
2631 3465 2714 3540 de

667 3554 879 3641 goules
905 3573 1119 3616 corone
1148 3553 1259 3615 dor
1286 3571 1321 3612 a
1352 3573 1465 3616 une
1495 3552 1754 3614 bon-dure
1783 3553 1858 3616 de
1880 3547 2038 3618 sable
2061 3551 2296 3616 besante
2323 3555 2457 3618 dor.
2710 3543 2722 3554 ’

673 3727 709 3794 f
756 3647 844 3706 Le
894 3656 1111 3704 counte
1156 3639 1231 3707 dc
1266 3638 1632 3702 Winchestre
1679 3641 1755 3703 de
1797 3641 2010 3724 goules
2053 3640 2286 3724 pondre
2331 3661 2368 3704 a
2417 3636 2582 3705 fause
2621 3640 2707 3706 10-

698 3750 767 3793 en
813 3751 845 3793 e
870 3728 1005 3794 dor.

763 3751 854 3880 {e
895 3836 1002 3898 roy
1046 3815 1123 3879 de
1170 3813 1457 3899 Portugal
1499 3813 1576 3878 de
1623 3813 1830 3899 goulet
1869 3811 2099 3900 poudze
2137 3835 2176 3878 a
2217 3813 2456 3878 turelles
2503 3814 2620 3878 dor
2665 3835 2712 3904 ἢ

672 3923 791 3966 une
819 3903 991 3966 laben
1021 3903 1205 3966 lazur.
1851 3929 1862 3940 ’
2451 3969 2458 3976 ,

754 3991 985 4052 Connte
1012 3989 1088 4052 de
1116 3992 1485 4070 Danmartyn
1515 3987 1592 4052 de
1629 3987 1977 4076 Boleyngne
2003 3987 2178 4056 barre
2203 3987 2461 4076 dargent-
2495 3990 2560 4058 &-
2587 3985 2704 4055 da-

666 4093 775 4141 zur
809 4095 845 4136 a
880 4095 994 4139 une
1022 4076 1235 4141 bordre
1264 4076 1339 4140 de
1380 4077 1615 4160 gaules.

744 4240 838 4305 Mi
852 4243 990 4306 -Mir
1016 4193 1315 4317 ΒΗοδαῐίιὲῑ
1338 4243 1417 4317 de
1437 4247 1590 4318 Ttie
1608 4243 1722 4318 dor
1747 4265 1785 4315 a
1811 4266 1932 4320 une
1951 4244 2146 4323 bende
2175 4246 2419 4338 gobone
2444 4243 2704 4330 darssfflt

656 4343 733 4404 ot
758 4328 997 4426 dazure3
1239 4337 1267 4344 ‘⁴
1521 4339 1529 4344 “
1573 4339 1588 4346 “
1911 4339 1928 4344 ’“
1978 4341 2022 4346 “’
2393 4333 2712 4420 Reynalde

2794 380 2949 461 ··!

2945 482 2949 607 ἶ
