<?xml version="1.0" encoding="UTF-8"?>
<!DOCTYPE html PUBLIC "-//W3C//DTD XHTML 1.0 Transitional//EN"
    "http://www.w3.org/TR/xhtml1/DTD/xhtml1-transitional.dtd">
<html xmlns="http://www.w3.org/1999/xhtml" xml:lang="en" lang="en">
 <head>
  <title>
</title>
<meta http-equiv="Content-Type" content="text/html;charset=utf-8" />
  <meta name='ocr-system' content='tesseract 3.04.00' />
  <meta name='ocr-capabilities' content='ocr_page ocr_carea ocr_par ocr_line ocrx_word'/>
</head>
<body>
  <div class='ocr_page' id='page_1' title='image "./joannislelandia16lelagoog_0079.png"; bbox 0 0 2975 4800; ppageno 0'>
   <div class='ocr_carea' id='block_1_1' title="bbox 361 199 1994 328">
    <p class='ocr_par' dir='ltr' id='par_1_1' title="bbox 361 199 1994 328">
     <span class='ocr_line' id='line_1_1' title="bbox 361 199 1994 328; baseline 0.002 -24"><span class='ocrx_word' id='word_1_1' title='bbox 361 199 1073 328; x_wconf 51' lang='lat' dir='ltr'>Anno-mann</span> <span class='ocrx_word' id='word_1_2' title='bbox 1155 241 1994 309; x_wconf 79' lang='lat' dir='ltr'>COLLECTANEA.</span> 
     </span>
    </p>
   </div>
   <div class='ocr_carea' id='block_1_2' title="bbox 214 369 2247 1240">
    <p class='ocr_par' dir='ltr' id='par_1_2' title="bbox 214 369 2247 1240">
     <span class='ocr_line' id='line_1_2' title="bbox 227 369 2239 458; baseline 0.002 -25"><span class='ocrx_word' id='word_1_3' title='bbox 227 373 370 448; x_wconf 76' lang='lat' dir='ltr'>titur,</span> <span class='ocrx_word' id='word_1_4' title='bbox 410 375 514 458; x_wconf 82' lang='lat' dir='ltr'>qui</span> <span class='ocrx_word' id='word_1_5' title='bbox 545 374 626 436; x_wconf 84' lang='lat' dir='ltr'>ab</span> <span class='ocrx_word' id='word_1_6' title='bbox 667 375 902 438; x_wconf 79' lang='lat' dir='ltr'>incolis</span> <span class='ocrx_word' id='word_1_7' title='bbox 942 375 1101 438; x_wconf 84' lang='lat' dir='ltr'>illius</span> <span class='ocrx_word' id='word_1_8' title='bbox 1145 375 1334 458; x_wconf 71' lang='lat' dir='ltr'>gentis</span> <span class='ocrx_word' id='word_1_9' title='bbox 1381 371 1516 436; x_wconf 81' lang='lat' dir='ltr'>fons</span> <span class='ocrx_word' id='word_1_10' title='bbox 1546 369 1723 434; x_wconf 70' lang='lat' dir='ltr'>sanffl</span> <span class='ocrx_word' id='word_1_11' title='bbox 1754 369 2009 436; x_wconf 84' lang='lat' dir='ltr'>oswaldi</span> <span class='ocrx_word' id='word_1_12' title='bbox 2052 374 2239 438; x_wconf 78' lang='lat' dir='ltr'>nomi·</span> 
     </span>
     <span class='ocr_line' id='line_1_3' title="bbox 227 459 2237 545; baseline 0.003 -26"><span class='ocrx_word' id='word_1_13' title='bbox 227 477 386 525; x_wconf 80' lang='lat' dir='ltr'>natur.</span> <span class='ocrx_word' id='word_1_14' title='bbox 469 463 550 522; x_wconf 88' lang='lat' dir='ltr'>Et</span> <span class='ocrx_word' id='word_1_15' title='bbox 570 461 632 523; x_wconf 88' lang='lat' dir='ltr'>in</span> <span class='ocrx_word' id='word_1_16' title='bbox 657 465 796 545; x_wconf 82' lang='lat' dir='ltr'>ripa</span> <span class='ocrx_word' id='word_1_17' title='bbox 815 461 1101 526; x_wconf 86' lang='lat' dir='ltr'>fonticuli</span> <span class='ocrx_word' id='word_1_18' title='bbox 1123 463 1294 524; x_wconf 83' lang='lat' dir='ltr'>arbor</span> <span class='ocrx_word' id='word_1_19' title='bbox 1311 459 1651 544; x_wconf 77' lang='lat' dir='ltr'>pergrandis</span> <span class='ocrx_word' id='word_1_20' title='bbox 1678 460 1928 522; x_wconf 79' lang='lat' dir='ltr'>radicari</span> <span class='ocrx_word' id='word_1_21' title='bbox 1954 462 2237 537; x_wconf 74' lang='lat' dir='ltr'>cernitur.</span> 
     </span>
     <span class='ocr_line' id='line_1_4' title="bbox 225 539 2239 630; baseline 0.003 -25"><span class='ocrx_word' id='word_1_22' title='bbox 225 539 314 607; x_wconf 75' lang='lat' dir='ltr'>sub</span> <span class='ocrx_word' id='word_1_23' title='bbox 343 548 546 610; x_wconf 86' lang='lat' dir='ltr'>umbra</span> <span class='ocrx_word' id='word_1_24' title='bbox 593 552 780 630; x_wconf 86' lang='lat' dir='ltr'>cujus</span> <span class='ocrx_word' id='word_1_25' title='bbox 831 551 1106 612; x_wconf 86' lang='lat' dir='ltr'>culminis</span> <span class='ocrx_word' id='word_1_26' title='bbox 1137 569 1282 630; x_wconf 89' lang='lat' dir='ltr'>pene</span> <span class='ocrx_word' id='word_1_27' title='bbox 1329 565 1454 609; x_wconf 89' lang='lat' dir='ltr'>tota</span> <span class='ocrx_word' id='word_1_28' title='bbox 1483 545 1665 609; x_wconf 84' lang='lat' dir='ltr'>fontis</span> <span class='ocrx_word' id='word_1_29' title='bbox 1708 547 2013 610; x_wconf 71' lang='lat' dir='ltr'>amoenitas</span> <span class='ocrx_word' id='word_1_30' title='bbox 2038 566 2239 612; x_wconf 81' lang='lat' dir='ltr'>conte·</span> 
     </span>
     <span class='ocr_line' id='line_1_5' title="bbox 223 629 2237 720; baseline 0.001 -25"><span class='ocrx_word' id='word_1_31' title='bbox 223 633 378 719; x_wconf 75' lang='lat' dir='ltr'>gitur.</span> <span class='ocrx_word' id='word_1_32' title='bbox 463 637 607 696; x_wconf 84' lang='lat' dir='ltr'>Non</span> <span class='ocrx_word' id='word_1_33' title='bbox 628 636 838 720; x_wconf 85' lang='lat' dir='ltr'>longe</span> <span class='ocrx_word' id='word_1_34' title='bbox 865 637 1005 700; x_wconf 85' lang='lat' dir='ltr'>inde</span> <span class='ocrx_word' id='word_1_35' title='bbox 1036 637 1136 698; x_wconf 90' lang='lat' dir='ltr'>ubi</span> <span class='ocrx_word' id='word_1_36' title='bbox 1165 655 1316 698; x_wconf 87' lang='lat' dir='ltr'>nunc</span> <span class='ocrx_word' id='word_1_37' title='bbox 1343 635 1523 698; x_wconf 78' lang='lat' dir='ltr'>arbor</span> <span class='ocrx_word' id='word_1_38' title='bbox 1552 629 1807 696; x_wconf 74' lang='lat' dir='ltr'>nascitur</span> <span class='ocrx_word' id='word_1_39' title='bbox 1834 649 2011 715; x_wconf 86' lang='lat' dir='ltr'>caput</span> <span class='ocrx_word' id='word_1_40' title='bbox 2036 637 2101 696; x_wconf 89' lang='lat' dir='ltr'>S.</span> <span class='ocrx_word' id='word_1_41' title='bbox 2130 633 2237 698; x_wconf 81' lang='lat' dir='ltr'>Os·</span> 
     </span>
     <span class='ocr_line' id='line_1_6' title="bbox 225 717 2241 806; baseline 0.003 -28"><span class='ocrx_word' id='word_1_42' title='bbox 225 719 378 782; x_wconf 79' lang='lat' dir='ltr'>waldi</span> <span class='ocrx_word' id='word_1_43' title='bbox 401 742 538 785; x_wconf 87' lang='lat' dir='ltr'>cum</span> <span class='ocrx_word' id='word_1_44' title='bbox 569 725 870 786; x_wconf 85' lang='lat' dir='ltr'>manibus</span> <span class='ocrx_word' id='word_1_45' title='bbox 913 745 1017 806; x_wconf 89' lang='lat' dir='ltr'>per</span> <span class='ocrx_word' id='word_1_46' title='bbox 1045 743 1256 784; x_wconf 88' lang='lat' dir='ltr'>annum</span> <span class='ocrx_word' id='word_1_47' title='bbox 1287 722 1589 804; x_wconf 82' lang='lat' dir='ltr'>integrum</span> <span class='ocrx_word' id='word_1_48' title='bbox 1610 717 1909 802; x_wconf 71' lang='lat' dir='ltr'>stipiiibus</span> <span class='ocrx_word' id='word_1_49' title='bbox 1936 719 2117 783; x_wconf 77' lang='lat' dir='ltr'>infixa</span> <span class='ocrx_word' id='word_1_50' title='bbox 2142 719 2241 784; x_wconf 83' lang='lat' dir='ltr'>fu·</span> 
     </span>
     <span class='ocr_line' id='line_1_7' title="bbox 223 799 2242 892; baseline 0.004 -26"><span class='ocrx_word' id='word_1_51' title='bbox 223 821 394 871; x_wconf 85' lang='lat' dir='ltr'>erunt.</span> <span class='ocrx_word' id='word_1_52' title='bbox 477 811 628 892; x_wconf 85' lang='lat' dir='ltr'>Qo</span> <span class='ocrx_word' id='word_1_53' title='bbox 661 809 804 892; x_wconf 87' lang='lat' dir='ltr'>post</span> <span class='ocrx_word' id='word_1_54' title='bbox 837 831 1060 872; x_wconf 84' lang='lat' dir='ltr'>annum</span> <span class='ocrx_word' id='word_1_55' title='bbox 1105 809 1412 872; x_wconf 82' lang='lat' dir='ltr'>deveniens</span> <span class='ocrx_word' id='word_1_56' title='bbox 1460 826 1601 870; x_wconf 90' lang='lat' dir='ltr'>cum</span> <span class='ocrx_word' id='word_1_57' title='bbox 1652 809 1915 870; x_wconf 80' lang='lat' dir='ltr'>exercitu</span> <span class='ocrx_word' id='word_1_58' title='bbox 1958 799 2133 870; x_wconf 81' lang='lat' dir='ltr'>frater</span> <span class='ocrx_word' id='word_1_59' title='bbox 2180 811 2242 874; x_wconf 75' lang='lat' dir='ltr'>Bt</span> 
     </span>
     <span class='ocr_line' id='line_1_8' title="bbox 218 889 2243 982; baseline 0.002 -29"><span class='ocrx_word' id='word_1_60' title='bbox 218 889 472 956; x_wconf 79' lang='lat' dir='ltr'>successor</span> <span class='ocrx_word' id='word_1_61' title='bbox 503 915 641 978; x_wconf 81' lang='lat' dir='ltr'>reg:</span> <span class='ocrx_word' id='word_1_62' title='bbox 673 899 814 982; x_wconf 83' lang='lat' dir='ltr'>ejus</span> <span class='ocrx_word' id='word_1_63' title='bbox 841 893 1046 959; x_wconf 85' lang='lat' dir='ltr'>Oswin</span> <span class='ocrx_word' id='word_1_64' title='bbox 1087 917 1152 962; x_wconf 85' lang='lat' dir='ltr'>ea</span> <span class='ocrx_word' id='word_1_65' title='bbox 1189 893 1471 958; x_wconf 84' lang='lat' dir='ltr'>abstulit:</span> <span class='ocrx_word' id='word_1_66' title='bbox 1537 895 1599 956; x_wconf 63' lang='grc' dir='ltr'><strong><em>ἃ</em></strong></span> <span class='ocrx_word' id='word_1_67' title='bbox 1626 909 1805 976; x_wconf 70' lang='lat' dir='ltr'>mput</span> <span class='ocrx_word' id='word_1_68' title='bbox 1842 895 1905 956; x_wconf 87' lang='lat' dir='ltr'>in</span> <span class='ocrx_word' id='word_1_69' title='bbox 1952 895 2243 958; x_wconf 82' lang='lat' dir='ltr'>coemiter:</span> 
     </span>
     <span class='ocr_line' id='line_1_9' title="bbox 217 977 2247 1066; baseline 0.003 -26"><span class='ocrx_word' id='word_1_70' title='bbox 217 977 566 1044; x_wconf 85' lang='lat' dir='ltr'>Lindisfarn:</span> <span class='ocrx_word' id='word_1_71' title='bbox 597 983 758 1046; x_wconf 84' lang='lat' dir='ltr'>eccl:</span> <span class='ocrx_word' id='word_1_72' title='bbox 793 987 858 1049; x_wconf 87' lang='lat' dir='ltr'>in</span> <span class='ocrx_word' id='word_1_73' title='bbox 891 1000 920 1030; x_wconf 79' lang='lat'><em>⁰</em></span> <span class='ocrx_word' id='word_1_74' title='bbox 939 983 1100 1066; x_wconf 83' lang='lat' dir='ltr'>regia</span> <span class='ocrx_word' id='word_1_75' title='bbox 1129 1001 1269 1044; x_wconf 84' lang='lat' dir='ltr'>vero</span> <span class='ocrx_word' id='word_1_76' title='bbox 1294 984 1534 1044; x_wconf 82' lang='lat' dir='ltr'>civitate</span> <span class='ocrx_word' id='word_1_77' title='bbox 1566 1001 1805 1042; x_wconf 84' lang='lat' dir='ltr'>manum</span> <span class='ocrx_word' id='word_1_78' title='bbox 1832 1000 1971 1044; x_wconf 87' lang='lat' dir='ltr'>cum</span> <span class='ocrx_word' id='word_1_79' title='bbox 2000 981 2247 1048; x_wconf 81' lang='lat' dir='ltr'>brachio</span> 
     </span>
     <span class='ocr_line' id='line_1_10' title="bbox 214 1065 2244 1154; baseline 0.002 -26"><span class='ocrx_word' id='word_1_80' title='bbox 214 1065 496 1130; x_wconf 75' lang='lat' dir='ltr'>condidit:</span> <span class='ocrx_word' id='word_1_81' title='bbox 544 1070 796 1154; x_wconf 83' lang='lat' dir='ltr'>reliqua</span> <span class='ocrx_word' id='word_1_82' title='bbox 823 1091 970 1134; x_wconf 80' lang='lat' dir='ltr'>vero</span> <span class='ocrx_word' id='word_1_83' title='bbox 1015 1071 1142 1150; x_wconf 83' lang='lat' dir='ltr'>ejus</span> <span class='ocrx_word' id='word_1_84' title='bbox 1183 1067 1302 1132; x_wconf 83' lang='lat' dir='ltr'>offa</span> <span class='ocrx_word' id='word_1_85' title='bbox 1343 1070 1537 1151; x_wconf 86' lang='lat' dir='ltr'>primo</span> <span class='ocrx_word' id='word_1_86' title='bbox 1582 1069 1817 1130; x_wconf 81' lang='lat' dir='ltr'>condita</span> <span class='ocrx_word' id='word_1_87' title='bbox 1844 1065 1977 1132; x_wconf 86' lang='lat' dir='ltr'>sunt</span> <span class='ocrx_word' id='word_1_88' title='bbox 2022 1069 2085 1132; x_wconf 87' lang='lat' dir='ltr'>in</span> <span class='ocrx_word' id='word_1_89' title='bbox 2112 1089 2244 1132; x_wconf 85' lang='lat' dir='ltr'>mo·</span> 
     </span>
     <span class='ocr_line' id='line_1_11' title="bbox 217 1150 2241 1240; baseline 0.003 -26"><span class='ocrx_word' id='word_1_90' title='bbox 217 1150 409 1234; x_wconf 70' lang='lat' dir='ltr'>paster:</span> <span class='ocrx_word' id='word_1_91' title='bbox 427 1154 504 1216; x_wconf 88' lang='lat' dir='ltr'>de</span> <span class='ocrx_word' id='word_1_92' title='bbox 525 1157 890 1237; x_wconf 83' lang='lat' dir='ltr'>Bardeney:</span> <span class='ocrx_word' id='word_1_93' title='bbox 939 1155 1200 1240; x_wconf 81' lang='lat' dir='ltr'>processu</span> <span class='ocrx_word' id='word_1_94' title='bbox 1231 1158 1515 1239; x_wconf 84' lang='lat' dir='ltr'>temporis</span> <span class='ocrx_word' id='word_1_95' title='bbox 1543 1153 1680 1220; x_wconf 87' lang='lat' dir='ltr'>inde</span> <span class='ocrx_word' id='word_1_96' title='bbox 1697 1153 1989 1218; x_wconf 81' lang='lat' dir='ltr'>Glocestr:</span> <span class='ocrx_word' id='word_1_97' title='bbox 2020 1157 2081 1219; x_wconf 87' lang='lat' dir='ltr'>in</span> <span class='ocrx_word' id='word_1_98' title='bbox 2108 1177 2241 1220; x_wconf 87' lang='lat' dir='ltr'>mo-</span> 
     </span>
    </p>
   </div>
   <div class='ocr_carea' id='block_1_3' title="bbox 2422 237 2553 328">
    <p class='ocr_par' dir='ltr' id='par_1_3' title="bbox 2422 237 2553 328">
     <span class='ocr_line' id='line_1_12' title="bbox 2422 237 2553 328; baseline -0.046 0"><span class='ocrx_word' id='word_1_99' title='bbox 2422 237 2553 328; x_wconf 78' lang='grc'>361</span> 
     </span>
    </p>
   </div>
   <div class='ocr_carea' id='block_1_4' title="bbox 211 1237 2505 1323">
    <p class='ocr_par' dir='ltr' id='par_1_4' title="bbox 211 1237 2505 1323">
     <span class='ocr_line' id='line_1_13' title="bbox 211 1237 2505 1323; baseline 0.005 -23"><span class='ocrx_word' id='word_1_100' title='bbox 211 1237 397 1304; x_wconf 84' lang='lat' dir='ltr'>naster:</span> <span class='ocrx_word' id='word_1_101' title='bbox 427 1256 574 1304; x_wconf 87' lang='lat' dir='ltr'>tunc</span> <span class='ocrx_word' id='word_1_102' title='bbox 597 1245 938 1307; x_wconf 82' lang='lat' dir='ltr'>monacho:</span> <span class='ocrx_word' id='word_1_103' title='bbox 985 1241 1114 1306; x_wconf 88' lang='lat' dir='ltr'>sunt</span> <span class='ocrx_word' id='word_1_104' title='bbox 1143 1243 1436 1307; x_wconf 84' lang='lat' dir='ltr'>transsata.</span> <span class='ocrx_word' id='word_1_105' title='bbox 1524 1243 1725 1323; x_wconf 86' lang='lat' dir='ltr'>Caput</span> <span class='ocrx_word' id='word_1_106' title='bbox 1742 1261 1883 1304; x_wconf 81' lang='lat' dir='ltr'>vero</span> <span class='ocrx_word' id='word_1_107' title='bbox 1908 1245 1969 1305; x_wconf 89' lang='lat' dir='ltr'>in</span> <span class='ocrx_word' id='word_1_108' title='bbox 1988 1243 2231 1310; x_wconf 79' lang='lat' dir='ltr'>brachio</span> <span class='ocrx_word' id='word_1_109' title='bbox 2244 1251 2361 1318; x_wconf 68' lang='lat'>9⁸3·</span> <span class='ocrx_word' id='word_1_110' title='bbox 2378 1253 2505 1318; x_wconf 68' lang='lat'>5⁸⁸3</span> 
     </span>
    </p>
   </div>
   <div class='ocr_carea' id='block_1_5' title="bbox 209 1326 2247 4024">
    <p class='ocr_par' dir='ltr' id='par_1_5' title="bbox 211 1326 2233 1588">
     <span class='ocr_line' id='line_1_14' title="bbox 213 1326 2233 1408; baseline 0.001 -16"><span class='ocrx_word' id='word_1_111' title='bbox 213 1326 268 1392; x_wconf 85' lang='lat' dir='ltr'>S.</span> <span class='ocrx_word' id='word_1_112' title='bbox 295 1329 646 1393; x_wconf 85' lang='lat' dir='ltr'>Cutheberti</span> <span class='ocrx_word' id='word_1_113' title='bbox 675 1333 1046 1408; x_wconf 73' lang='lat' dir='ltr'>continetur,</span> <span class='ocrx_word' id='word_1_114' title='bbox 1091 1349 1296 1394; x_wconf 83' lang='lat' dir='ltr'>manus</span> <span class='ocrx_word' id='word_1_115' title='bbox 1327 1329 1539 1392; x_wconf 80' lang='lat' dir='ltr'>dextra</span> <span class='ocrx_word' id='word_1_116' title='bbox 1564 1347 1701 1390; x_wconf 90' lang='lat' dir='ltr'>cum</span> <span class='ocrx_word' id='word_1_117' title='bbox 1728 1328 1975 1392; x_wconf 83' lang='lat' dir='ltr'>brachio</span> <span class='ocrx_word' id='word_1_118' title='bbox 2000 1331 2063 1394; x_wconf 87' lang='lat' dir='ltr'>in</span> <span class='ocrx_word' id='word_1_119' title='bbox 2100 1351 2233 1394; x_wconf 86' lang='lat' dir='ltr'>mo·</span> 
     </span>
     <span class='ocr_line' id='line_1_15' title="bbox 211 1410 2233 1502; baseline 0.003 -26"><span class='ocrx_word' id='word_1_120' title='bbox 211 1410 402 1476; x_wconf 82' lang='lat' dir='ltr'>naster:</span> <span class='ocrx_word' id='word_1_121' title='bbox 427 1415 505 1478; x_wconf 90' lang='lat' dir='ltr'>de</span> <span class='ocrx_word' id='word_1_122' title='bbox 535 1421 720 1502; x_wconf 84' lang='lat' dir='ltr'><strong>Burg</strong></span> <span class='ocrx_word' id='word_1_123' title='bbox 749 1420 910 1481; x_wconf 87' lang='lat' dir='ltr'>Petri</span> <span class='ocrx_word' id='word_1_124' title='bbox 939 1419 1280 1502; x_wconf 84' lang='lat' dir='ltr'>incorrupta</span> <span class='ocrx_word' id='word_1_125' title='bbox 1311 1418 1372 1480; x_wconf 89' lang='lat'>&amp;</span> <span class='ocrx_word' id='word_1_126' title='bbox 1415 1417 1644 1500; x_wconf 77' lang='lat' dir='ltr'>integm</span> <span class='ocrx_word' id='word_1_127' title='bbox 1678 1415 1859 1495; x_wconf 78' lang='lat' dir='ltr'>juxta</span> <span class='ocrx_word' id='word_1_128' title='bbox 1888 1431 2097 1482; x_wconf 77' lang='lat' dir='ltr'>votum</span> <span class='ocrx_word' id='word_1_129' title='bbox 2125 1420 2233 1482; x_wconf 74' lang='lat' dir='ltr'>Ai-</span> 
     </span>
     <span class='ocr_line' id='line_1_16' title="bbox 211 1500 963 1588; baseline 0.011 -28"><span class='ocrx_word' id='word_1_130' title='bbox 211 1500 352 1562; x_wconf 80' lang='lat' dir='ltr'>daini</span> <span class='ocrx_word' id='word_1_131' title='bbox 377 1501 642 1588; x_wconf 77' lang='lat' dir='ltr'>episcopi</span> <span class='ocrx_word' id='word_1_132' title='bbox 673 1503 963 1568; x_wconf 83' lang='lat' dir='ltr'>servatur.</span> 
     </span>
    </p>

    <p class='ocr_par' dir='ltr' id='par_1_6' title="bbox 213 1587 2231 1762">
     <span class='ocr_line' id='line_1_17' title="bbox 215 1587 2231 1676; baseline 0.003 -26"><span class='ocrx_word' id='word_1_133' title='bbox 215 1602 224 1610; x_wconf 90' lang='lat'><strong>·</strong></span> <span class='ocrx_word' id='word_1_134' title='bbox 283 1590 344 1650; x_wconf 87' lang='lat' dir='ltr'>S.</span> <span class='ocrx_word' id='word_1_135' title='bbox 369 1590 648 1654; x_wconf 79' lang='lat' dir='ltr'>Aidanus</span> <span class='ocrx_word' id='word_1_136' title='bbox 678 1588 975 1676; x_wconf 84' lang='lat' dir='ltr'>episcopis</span> <span class='ocrx_word' id='word_1_137' title='bbox 1003 1589 1154 1654; x_wconf 90' lang='lat' dir='ltr'>obiit</span> <span class='ocrx_word' id='word_1_138' title='bbox 1195 1591 1259 1654; x_wconf 88' lang='lat' dir='ltr'>in</span> <span class='ocrx_word' id='word_1_139' title='bbox 1286 1589 1424 1653; x_wconf 85' lang='lat' dir='ltr'>villa</span> <span class='ocrx_word' id='word_1_140' title='bbox 1450 1590 1611 1674; x_wconf 85' lang='lat' dir='ltr'>regia</span> <span class='ocrx_word' id='word_1_141' title='bbox 1652 1609 1769 1652; x_wconf 87' lang='lat' dir='ltr'>non</span> <span class='ocrx_word' id='word_1_142' title='bbox 1800 1589 1980 1676; x_wconf 81' lang='lat' dir='ltr'>longe</span> <span class='ocrx_word' id='word_1_143' title='bbox 2008 1587 2045 1652; x_wconf 63' lang='lat' dir='ltr'><strong>a</strong></span> <span class='ocrx_word' id='word_1_144' title='bbox 2080 1589 2231 1656; x_wconf 82' lang='lat' dir='ltr'>Beb-</span> 
     </span>
     <span class='ocr_line' id='line_1_18' title="bbox 213 1671 902 1762; baseline 0.009 -25"><span class='ocrx_word' id='word_1_145' title='bbox 213 1671 406 1738; x_wconf 79' lang='lat' dir='ltr'>borbia</span> <span class='ocrx_word' id='word_1_146' title='bbox 431 1695 592 1740; x_wconf 81' lang='lat' dir='ltr'>anno</span> <span class='ocrx_word' id='word_1_147' title='bbox 624 1683 715 1744; x_wconf 92' lang='lat' dir='ltr'>D.</span> <span class='ocrx_word' id='word_1_148' title='bbox 752 1681 902 1762; x_wconf 82' lang='lat'>651.</span> 
     </span>
    </p>

    <p class='ocr_par' dir='ltr' id='par_1_7' title="bbox 209 1758 2237 2108">
     <span class='ocr_line' id='line_1_19' title="bbox 285 1758 2232 1848; baseline 0.003 -23"><span class='ocrx_word' id='word_1_149' title='bbox 285 1758 524 1846; x_wconf 83' lang='lat' dir='ltr'>Corpus</span> <span class='ocrx_word' id='word_1_150' title='bbox 554 1766 792 1829; x_wconf 85' lang='lat' dir='ltr'>Aidani</span> <span class='ocrx_word' id='word_1_151' title='bbox 841 1765 1036 1848; x_wconf 90' lang='lat' dir='ltr'>primo</span> <span class='ocrx_word' id='word_1_152' title='bbox 1077 1761 1362 1846; x_wconf 79' lang='lat' dir='ltr'>sepultum</span> <span class='ocrx_word' id='word_1_153' title='bbox 1403 1761 1466 1826; x_wconf 87' lang='lat' dir='ltr'>in</span> <span class='ocrx_word' id='word_1_154' title='bbox 1516 1765 1839 1826; x_wconf 85' lang='lat' dir='ltr'>coemiterio</span> <span class='ocrx_word' id='word_1_155' title='bbox 1874 1759 2232 1830; x_wconf 78' lang='lat' dir='ltr'>Lindisfarn:</span> 
     </span>
     <span class='ocr_line' id='line_1_20' title="bbox 213 1845 2231 1928; baseline 0.001 -17"><span class='ocrx_word' id='word_1_156' title='bbox 213 1845 390 1928; x_wconf 76' lang='lat' dir='ltr'>postea</span> <span class='ocrx_word' id='word_1_157' title='bbox 413 1851 484 1913; x_wconf 86' lang='lat' dir='ltr'>in</span> <span class='ocrx_word' id='word_1_158' title='bbox 515 1872 744 1915; x_wconf 81' lang='lat' dir='ltr'>novam</span> <span class='ocrx_word' id='word_1_159' title='bbox 769 1849 1071 1915; x_wconf 74' lang='lat' dir='ltr'>ecclesiam</span> <span class='ocrx_word' id='word_1_160' title='bbox 1100 1853 1256 1914; x_wconf 88' lang='lat' dir='ltr'>Petri</span> <span class='ocrx_word' id='word_1_161' title='bbox 1285 1850 1501 1912; x_wconf 80' lang='lat' dir='ltr'>ibidem</span> <span class='ocrx_word' id='word_1_162' title='bbox 1532 1849 1925 1914; x_wconf 57' lang='lat' dir='ltr'>construaam</span> <span class='ocrx_word' id='word_1_163' title='bbox 1956 1851 2231 1916; x_wconf 75' lang='lat' dir='ltr'>transsata</span> 
     </span>
     <span class='ocr_line' id='line_1_21' title="bbox 209 1932 2237 2024; baseline 0.001 -29"><span class='ocrx_word' id='word_1_164' title='bbox 209 1932 331 2002; x_wconf 76' lang='lat' dir='ltr'>sunt</span> <span class='ocrx_word' id='word_1_165' title='bbox 373 1939 494 2008; x_wconf 80' lang='lat' dir='ltr'>offa</span> <span class='ocrx_word' id='word_1_166' title='bbox 521 1939 778 2015; x_wconf 87' lang='lat' dir='ltr'>Aidani,</span> <span class='ocrx_word' id='word_1_167' title='bbox 825 1954 1005 2023; x_wconf 87' lang='lat' dir='ltr'>atque</span> <span class='ocrx_word' id='word_1_168' title='bbox 1033 1939 1108 1998; x_wconf 88' lang='lat' dir='ltr'>ad</span> <span class='ocrx_word' id='word_1_169' title='bbox 1149 1937 1452 2002; x_wconf 84' lang='lat' dir='ltr'>dexteram</span> <span class='ocrx_word' id='word_1_170' title='bbox 1492 1938 1695 1998; x_wconf 83' lang='lat' dir='ltr'>altaris</span> <span class='ocrx_word' id='word_1_171' title='bbox 1738 1937 1867 2000; x_wconf 84' lang='lat' dir='ltr'><strong>fita.</strong></span> <span class='ocrx_word' id='word_1_172' title='bbox 1952 1939 2237 2024; x_wconf 79' lang='lat' dir='ltr'>Qomm</span> 
     </span>
     <span class='ocr_line' id='line_1_22' title="bbox 215 2021 1921 2108; baseline -0.001 -24"><span class='ocrx_word' id='word_1_173' title='bbox 215 2037 428 2108; x_wconf 85' lang='lat' dir='ltr'>partem</span> <span class='ocrx_word' id='word_1_174' title='bbox 458 2027 842 2090; x_wconf 83' lang='lat' dir='ltr'>Colmannus</span> <span class='ocrx_word' id='word_1_175' title='bbox 873 2028 932 2088; x_wconf 87' lang='lat' dir='ltr'>in</span> <span class='ocrx_word' id='word_1_176' title='bbox 964 2026 1250 2088; x_wconf 79' lang='lat' dir='ltr'>Scottiam</span> <span class='ocrx_word' id='word_1_177' title='bbox 1282 2025 1509 2088; x_wconf 83' lang='lat' dir='ltr'>rediens</span> <span class='ocrx_word' id='word_1_178' title='bbox 1538 2021 1729 2086; x_wconf 88' lang='lat' dir='ltr'>secum</span> <span class='ocrx_word' id='word_1_179' title='bbox 1761 2023 1921 2084; x_wconf 85' lang='lat' dir='ltr'>tulit.</span> 
     </span>
    </p>

    <p class='ocr_par' dir='ltr' id='par_1_8' title="bbox 213 2107 2241 2719">
     <span class='ocr_line' id='line_1_23' title="bbox 289 2107 2240 2196; baseline 0.002 -26"><span class='ocrx_word' id='word_1_180' title='bbox 289 2111 549 2180; x_wconf 69' lang='lat' dir='ltr'>finanus</span> <span class='ocrx_word' id='word_1_181' title='bbox 604 2131 674 2177; x_wconf 83' lang='lat'>2.</span> <span class='ocrx_word' id='word_1_182' title='bbox 715 2108 1022 2196; x_wconf 84' lang='lat' dir='ltr'>episcopus</span> <span class='ocrx_word' id='word_1_183' title='bbox 1055 2109 1422 2174; x_wconf 78' lang='lat' dir='ltr'>Lindissnrn:</span> <span class='ocrx_word' id='word_1_184' title='bbox 1468 2109 1793 2170; x_wconf 83' lang='lat' dir='ltr'>construxit</span> <span class='ocrx_word' id='word_1_185' title='bbox 1840 2127 2050 2172; x_wconf 80' lang='lat' dir='ltr'>novam</span> <span class='ocrx_word' id='word_1_186' title='bbox 2090 2107 2240 2174; x_wconf 81' lang='lat' dir='ltr'>eccl:</span> 
     </span>
     <span class='ocr_line' id='line_1_24' title="bbox 213 2189 2241 2282; baseline 0.002 -26"><span class='ocrx_word' id='word_1_187' title='bbox 213 2189 519 2263; x_wconf 81' lang='lat' dir='ltr'>secundum</span> <span class='ocrx_word' id='word_1_188' title='bbox 543 2221 778 2270; x_wconf 85' lang='lat' dir='ltr'>morem</span> <span class='ocrx_word' id='word_1_189' title='bbox 805 2203 1002 2282; x_wconf 81' lang='lat' dir='ltr'>patriae</span> <span class='ocrx_word' id='word_1_190' title='bbox 1028 2195 1140 2260; x_wconf 87' lang='lat' dir='ltr'>suae</span> <span class='ocrx_word' id='word_1_191' title='bbox 1165 2197 1523 2260; x_wconf 83' lang='lat' dir='ltr'>Lindisfarni</span> <span class='ocrx_word' id='word_1_192' title='bbox 1545 2217 1621 2258; x_wconf 86' lang='lat' dir='ltr'>ex</span> <span class='ocrx_word' id='word_1_193' title='bbox 1649 2195 1861 2259; x_wconf 87' lang='lat' dir='ltr'>robore</span> <span class='ocrx_word' id='word_1_194' title='bbox 1884 2191 2040 2258; x_wconf 68' lang='lat' dir='ltr'>sesto</span> <span class='ocrx_word' id='word_1_195' title='bbox 2058 2215 2241 2280; x_wconf 80' lang='lat' dir='ltr'>quam</span> 
     </span>
     <span class='ocr_line' id='line_1_25' title="bbox 217 2280 2237 2366; baseline 0.001 -21"><span class='ocrx_word' id='word_1_196' title='bbox 217 2286 494 2350; x_wconf 79' lang='lat' dir='ltr'>arundine</span> <span class='ocrx_word' id='word_1_197' title='bbox 515 2291 698 2350; x_wconf 80' lang='lat' dir='ltr'>texit.</span> <span class='ocrx_word' id='word_1_198' title='bbox 775 2286 1142 2349; x_wconf 84' lang='lat' dir='ltr'>Theodorus</span> <span class='ocrx_word' id='word_1_199' title='bbox 1167 2280 1631 2366; x_wconf 81' lang='lat' dir='ltr'>archiepiscopus</span> <span class='ocrx_word' id='word_1_200' title='bbox 1648 2286 1931 2346; x_wconf 87' lang='lat' dir='ltr'>Cantuar:</span> <span class='ocrx_word' id='word_1_201' title='bbox 1958 2283 2109 2346; x_wconf 87' lang='lat' dir='ltr'>hanc</span> <span class='ocrx_word' id='word_1_202' title='bbox 2130 2284 2237 2348; x_wconf 86' lang='lat' dir='ltr'>de-</span> 
     </span>
     <span class='ocr_line' id='line_1_26' title="bbox 217 2363 2240 2457; baseline 0.002 -25"><span class='ocrx_word' id='word_1_203' title='bbox 217 2363 454 2438; x_wconf 64' lang='lat' dir='ltr'>dimit:</span> <span class='ocrx_word' id='word_1_204' title='bbox 501 2372 608 2445; x_wconf 83' lang='lat' dir='ltr'>sed</span> <span class='ocrx_word' id='word_1_205' title='bbox 642 2374 979 2438; x_wconf 71' lang='lat' dir='ltr'>Radbertus</span> <span class='ocrx_word' id='word_1_206' title='bbox 1007 2369 1314 2457; x_wconf 87' lang='lat' dir='ltr'>episcopus</span> <span class='ocrx_word' id='word_1_207' title='bbox 1345 2367 1704 2435; x_wconf 73' lang='lat' dir='ltr'>Lindisfairn:</span> <span class='ocrx_word' id='word_1_208' title='bbox 1733 2371 1929 2437; x_wconf 81' lang='lat' dir='ltr'>ablata</span> <span class='ocrx_word' id='word_1_209' title='bbox 1954 2369 2240 2437; x_wconf 82' lang='lat' dir='ltr'>arundine</span> 
     </span>
     <span class='ocr_line' id='line_1_27' title="bbox 219 2457 2237 2544; baseline 0.001 -25"><span class='ocrx_word' id='word_1_210' title='bbox 219 2457 434 2541; x_wconf 77' lang='lat' dir='ltr'>pl&#39;umbi</span> <span class='ocrx_word' id='word_1_211' title='bbox 459 2460 706 2525; x_wconf 83' lang='lat' dir='ltr'>laminis</span> <span class='ocrx_word' id='word_1_212' title='bbox 732 2482 859 2535; x_wconf 76' lang='lat' dir='ltr'>cam</span> <span class='ocrx_word' id='word_1_213' title='bbox 907 2460 1235 2543; x_wconf 83' lang='lat' dir='ltr'>cooperuit.</span> <span class='ocrx_word' id='word_1_214' title='bbox 1322 2460 1434 2523; x_wconf 86' lang='lat' dir='ltr'>Hic</span> <span class='ocrx_word' id='word_1_215' title='bbox 1469 2460 1731 2533; x_wconf 79' lang='lat' dir='ltr'>Finanus</span> <span class='ocrx_word' id='word_1_216' title='bbox 1754 2460 2070 2544; x_wconf 86' lang='lat' dir='ltr'>baptizavit</span> <span class='ocrx_word' id='word_1_217' title='bbox 2091 2460 2237 2521; x_wconf 79' lang='lat' dir='ltr'>Pea-</span> 
     </span>
     <span class='ocr_line' id='line_1_28' title="bbox 219 2543 2231 2631; baseline 0 -22"><span class='ocrx_word' id='word_1_218' title='bbox 219 2543 346 2609; x_wconf 89' lang='lat' dir='ltr'>dam</span> <span class='ocrx_word' id='word_1_219' title='bbox 395 2550 731 2631; x_wconf 86' lang='lat' dir='ltr'>principem</span> <span class='ocrx_word' id='word_1_220' title='bbox 773 2550 1080 2612; x_wconf 85' lang='lat' dir='ltr'>Mediterr:</span> <span class='ocrx_word' id='word_1_221' title='bbox 1111 2545 1292 2629; x_wconf 85' lang='lat' dir='ltr'>Angl:</span> <span class='ocrx_word' id='word_1_222' title='bbox 1337 2546 1398 2609; x_wconf 89' lang='lat' dir='ltr'>in</span> <span class='ocrx_word' id='word_1_223' title='bbox 1429 2547 1685 2627; x_wconf 85' lang='lat' dir='ltr'>provint:</span> <span class='ocrx_word' id='word_1_224' title='bbox 1713 2546 2231 2611; x_wconf 84' lang='lat' dir='ltr'>Northanhumbr:</span> 
     </span>
     <span class='ocr_line' id='line_1_29' title="bbox 217 2630 2148 2719; baseline -0.001 -23"><span class='ocrx_word' id='word_1_225' title='bbox 217 2630 275 2711; x_wconf 61' lang='lat' dir='ltr'>§t</span> <span class='ocrx_word' id='word_1_226' title='bbox 301 2636 546 2700; x_wconf 82' lang='lat' dir='ltr'>tradidit</span> <span class='ocrx_word' id='word_1_227' title='bbox 584 2639 640 2698; x_wconf 92' lang='lat' dir='ltr'>ei</span> <span class='ocrx_word' id='word_1_228' title='bbox 663 2658 734 2717; x_wconf 85' lang='lat'>4.</span> <span class='ocrx_word' id='word_1_229' title='bbox 784 2636 1146 2719; x_wconf 72' lang='lat' dir='ltr'>presbyteros</span> <span class='ocrx_word' id='word_1_230' title='bbox 1181 2636 1258 2697; x_wconf 87' lang='lat' dir='ltr'>ad</span> <span class='ocrx_word' id='word_1_231' title='bbox 1287 2632 1697 2715; x_wconf 83' lang='lat' dir='ltr'>baptizandam</span> <span class='ocrx_word' id='word_1_232' title='bbox 1735 2634 1859 2713; x_wconf 84' lang='lat' dir='ltr'>ejus</span> <span class='ocrx_word' id='word_1_233' title='bbox 1884 2646 2148 2715; x_wconf 81' lang='lat' dir='ltr'>gentem.</span> 
     </span>
    </p>

    <p class='ocr_par' dir='ltr' id='par_1_9' title="bbox 221 2719 2245 3063">
     <span class='ocr_line' id='line_1_30' title="bbox 297 2719 2239 2805; baseline 0 -22"><span class='ocrx_word' id='word_1_234' title='bbox 297 2723 628 2805; x_wconf 78' lang='lat' dir='ltr'>sigbertus·</span> <span class='ocrx_word' id='word_1_235' title='bbox 658 2742 766 2786; x_wconf 81' lang='lat' dir='ltr'>rex</span> <span class='ocrx_word' id='word_1_236' title='bbox 815 2724 1044 2785; x_wconf 80' lang='lat' dir='ltr'>Orient:</span> <span class='ocrx_word' id='word_1_237' title='bbox 1089 2725 1226 2784; x_wconf 82' lang='lat' dir='ltr'>Sax:</span> <span class='ocrx_word' id='word_1_238' title='bbox 1269 2719 1346 2782; x_wconf 83' lang='lat' dir='ltr'>ab</span> <span class='ocrx_word' id='word_1_239' title='bbox 1385 2720 1599 2783; x_wconf 89' lang='lat' dir='ltr'>eodem</span> <span class='ocrx_word' id='word_1_240' title='bbox 1641 2720 1862 2783; x_wconf 83' lang='lat' dir='ltr'>Finano</span> <span class='ocrx_word' id='word_1_241' title='bbox 1912 2720 2239 2799; x_wconf 71' lang='lat' dir='ltr'>baptizatus</span> 
     </span>
     <span class='ocr_line' id='line_1_31' title="bbox 223 2802 2241 2894; baseline -0.002 -25"><span class='ocrx_word' id='word_1_242' title='bbox 223 2802 318 2869; x_wconf 79' lang='lat' dir='ltr'>est.</span> <span class='ocrx_word' id='word_1_243' title='bbox 399 2812 721 2894; x_wconf 83' lang='lat' dir='ltr'>Siquidem</span> <span class='ocrx_word' id='word_1_244' title='bbox 751 2810 1002 2891; x_wconf 75' lang='lat' dir='ltr'>provint:</span> <span class='ocrx_word' id='word_1_245' title='bbox 1047 2808 1144 2869; x_wconf 85' lang='lat' dir='ltr'>illa</span> <span class='ocrx_word' id='word_1_246' title='bbox 1176 2804 1372 2881; x_wconf 82' lang='lat' dir='ltr'>fldem,</span> <span class='ocrx_word' id='word_1_247' title='bbox 1416 2826 1598 2889; x_wconf 82' lang='lat' dir='ltr'>quam</span> <span class='ocrx_word' id='word_1_248' title='bbox 1630 2805 1774 2867; x_wconf 88' lang='lat' dir='ltr'>olim</span> <span class='ocrx_word' id='word_1_249' title='bbox 1798 2802 2043 2887; x_wconf 86' lang='lat' dir='ltr'>expulso</span> <span class='ocrx_word' id='word_1_250' title='bbox 2082 2804 2241 2866; x_wconf 88' lang='lat' dir='ltr'>Mel-</span> 
     </span>
     <span class='ocr_line' id='line_1_32' title="bbox 223 2889 2245 2979; baseline -0 -23"><span class='ocrx_word' id='word_1_251' title='bbox 223 2892 324 2956; x_wconf 80' lang='lat' dir='ltr'>lito</span> <span class='ocrx_word' id='word_1_252' title='bbox 351 2897 652 2979; x_wconf 83' lang='lat' dir='ltr'>abjecerat</span> <span class='ocrx_word' id='word_1_253' title='bbox 682 2896 924 2959; x_wconf 84' lang='lat' dir='ltr'>consilio</span> <span class='ocrx_word' id='word_1_254' title='bbox 953 2896 1110 2979; x_wconf 83' lang='lat' dir='ltr'>regis</span> <span class='ocrx_word' id='word_1_255' title='bbox 1141 2889 1346 2969; x_wconf 82' lang='lat' dir='ltr'>oswii,</span> <span class='ocrx_word' id='word_1_256' title='bbox 1387 2890 1412 2939; x_wconf 65' lang='grc' dir='ltr'><em>ὓ</em></span> <span class='ocrx_word' id='word_1_257' title='bbox 1434 2891 1647 2957; x_wconf 85' lang='lat' dir='ltr'>fidem&#39;&#39;</span> <span class='ocrx_word' id='word_1_258' title='bbox 1675 2892 1991 2977; x_wconf 86' lang='lat' dir='ltr'>praedicat:</span> <span class='ocrx_word' id='word_1_259' title='bbox 2038 2890 2245 2955; x_wconf 84' lang='lat' dir='ltr'>Cedde</span> 
     </span>
     <span class='ocr_line' id='line_1_33' title="bbox 221 2981 1200 3063; baseline -0.001 -18"><span class='ocrx_word' id='word_1_260' title='bbox 221 2986 494 3049; x_wconf 75' lang='lat' dir='ltr'>monach:</span> <span class='ocrx_word' id='word_1_261' title='bbox 531 2981 930 3047; x_wconf 83' lang='lat' dir='ltr'>Lindisfaern:</span> <span class='ocrx_word' id='word_1_262' title='bbox 963 2982 1200 3063; x_wconf 84' lang='lat' dir='ltr'>recepit.</span> 
     </span>
    </p>

    <p class='ocr_par' dir='ltr' id='par_1_10' title="bbox 223 3065 2243 3223">
     <span class='ocr_line' id='line_1_34' title="bbox 223 3065 2243 3217; baseline -0.002 -84"><span class='ocrx_word' id='word_1_263' title='bbox 223 3150 262 3217; x_wconf 69' lang='lat' dir='ltr'>fi</span> <span class='ocrx_word' id='word_1_264' title='bbox 299 3073 412 3135; x_wconf 89' lang='lat' dir='ltr'>Hic</span> <span class='ocrx_word' id='word_1_265' title='bbox 441 3071 653 3137; x_wconf 82' lang='lat' dir='ltr'>Cedde</span> <span class='ocrx_word' id='word_1_266' title='bbox 683 3072 847 3159; x_wconf 85' lang='lat' dir='ltr'>prius</span> <span class='ocrx_word' id='word_1_267' title='bbox 883 3070 1046 3155; x_wconf 88' lang='lat' dir='ltr'>apud</span> <span class='ocrx_word' id='word_1_268' title='bbox 1085 3068 1392 3133; x_wconf 88' lang='lat' dir='ltr'>Mediterr:</span> <span class='ocrx_word' id='word_1_269' title='bbox 1417 3065 1605 3153; x_wconf 68' lang='lat' dir='ltr'>Angit</span> <span class='ocrx_word' id='word_1_270' title='bbox 1636 3065 2077 3151; x_wconf 66' lang='lat' dir='ltr'>praedicaverat,</span> <span class='ocrx_word' id='word_1_271' title='bbox 2116 3084 2243 3133; x_wconf 73' lang='lat' dir='ltr'>non</span> 
     </span>
     <span class='ocr_line' id='line_1_35' title="bbox 263 3158 592 3223; baseline 0.009 -6"><span class='ocrx_word' id='word_1_272' title='bbox 263 3176 334 3220; x_wconf 90' lang='lat' dir='ltr'>ne</span> <span class='ocrx_word' id='word_1_273' title='bbox 359 3158 592 3223; x_wconf 62' lang='lat' dir='ltr'>fructu.</span> 
     </span>
    </p>

    <p class='ocr_par' dir='ltr' id='par_1_11' title="bbox 221 3238 2247 4024">
     <span class='ocr_line' id='line_1_36' title="bbox 299 3238 2247 3324; baseline -0.004 -15"><span class='ocrx_word' id='word_1_274' title='bbox 299 3245 512 3309; x_wconf 87' lang='lat' dir='ltr'>Cedde</span> <span class='ocrx_word' id='word_1_275' title='bbox 540 3244 575 3307; x_wconf 74' lang='lat' dir='ltr'>zi</span> <span class='ocrx_word' id='word_1_276' title='bbox 607 3246 836 3308; x_wconf 80' lang='lat' dir='ltr'>Pinano</span> <span class='ocrx_word' id='word_1_277' title='bbox 864 3240 1056 3307; x_wconf 67' lang='lat' dir='ltr'>fastus</span> <span class='ocrx_word' id='word_1_278' title='bbox 1091 3238 1391 3324; x_wconf 85' lang='lat' dir='ltr'>episcopus</span> <span class='ocrx_word' id='word_1_279' title='bbox 1419 3240 1649 3303; x_wconf 83' lang='lat' dir='ltr'>Orient:</span> <span class='ocrx_word' id='word_1_280' title='bbox 1682 3242 1822 3311; x_wconf 80' lang='lat' dir='ltr'>Sax:</span> <span class='ocrx_word' id='word_1_281' title='bbox 1864 3238 1972 3322; x_wconf 88' lang='lat' dir='ltr'>qui</span> <span class='ocrx_word' id='word_1_282' title='bbox 1999 3252 2247 3321; x_wconf 81' lang='lat' dir='ltr'>accepto</span> 
     </span>
     <span class='ocr_line' id='line_1_37' title="bbox 221 3322 2247 3415; baseline -0.003 -17"><span class='ocrx_word' id='word_1_283' title='bbox 221 3332 410 3413; x_wconf 74' lang='lat' dir='ltr'>gradu</span> <span class='ocrx_word' id='word_1_284' title='bbox 447 3328 624 3415; x_wconf 84' lang='lat' dir='ltr'>episc:</span> <span class='ocrx_word' id='word_1_285' title='bbox 669 3330 842 3393; x_wconf 90' lang='lat' dir='ltr'>rediit</span> <span class='ocrx_word' id='word_1_286' title='bbox 882 3331 960 3392; x_wconf 85' lang='lat' dir='ltr'>ad</span> <span class='ocrx_word' id='word_1_287' title='bbox 1007 3331 1261 3412; x_wconf 75' lang='lat' dir='ltr'>provint:</span> <span class='ocrx_word' id='word_1_288' title='bbox 1297 3330 1358 3391; x_wconf 84' lang='lat'>&amp;</span> <span class='ocrx_word' id='word_1_289' title='bbox 1385 3330 1448 3390; x_wconf 88' lang='lat' dir='ltr'>in</span> <span class='ocrx_word' id='word_1_290' title='bbox 1474 3328 1640 3390; x_wconf 72' lang='lat' dir='ltr'>civit:</span> <span class='ocrx_word' id='word_1_291' title='bbox 1684 3348 1824 3409; x_wconf 84' lang='lat' dir='ltr'>quae</span> <span class='ocrx_word' id='word_1_292' title='bbox 1867 3322 2247 3391; x_wconf 80' lang='lat' dir='ltr'>Ithamcestet</span> 
     </span>
     <span class='ocr_line' id='line_1_38' title="bbox 225 3412 2245 3586; baseline -0.001 -19"><span class='ocrx_word' id='word_1_293' title='bbox 225 3417 1143 3586; x_wconf 50' lang='lat' dir='ltr'>affliff‘izf‘ssssffsszssssz‘i?</span> <span class='ocrx_word' id='word_1_294' title='bbox 1163 3412 1849 3583; x_wconf 47' lang='lat' dir='ltr'>§qssssfizz&#39;ss‘ss‘sslassinss</span> <span class='ocrx_word' id='word_1_295' title='bbox 1876 3414 2245 3565; x_wconf 62' lang='grc' dir='ltr'>ἱζίῗέἷὲῗὲῖὶ</span> 
     </span>
     <span class='ocr_line' id='line_1_39' title="bbox 225 3585 2247 3673; baseline -0.002 -20"><span class='ocrx_word' id='word_1_296' title='bbox 225 3591 440 3656; x_wconf 84' lang='lat' dir='ltr'>Christi</span> <span class='ocrx_word' id='word_1_297' title='bbox 490 3588 856 3673; x_wconf 85' lang='lat' dir='ltr'>disciplinam</span> <span class='ocrx_word' id='word_1_298' title='bbox 895 3591 1036 3653; x_wconf 79' lang='lat' dir='ltr'>vitae</span> <span class='ocrx_word' id='word_1_299' title='bbox 1085 3589 1275 3673; x_wconf 85' lang='lat' dir='ltr'>regul:</span> <span class='ocrx_word' id='word_1_300' title='bbox 1319 3586 1609 3652; x_wconf 84' lang='lat' dir='ltr'>custodire</span> <span class='ocrx_word' id='word_1_301' title='bbox 1650 3586 1873 3651; x_wconf 86' lang='lat' dir='ltr'>docuit.</span> <span class='ocrx_word' id='word_1_302' title='bbox 1962 3585 2247 3651; x_wconf 81' lang='lat' dir='ltr'>Tertium</span> 
     </span>
     <span class='ocr_line' id='line_1_40' title="bbox 223 3670 2247 3759; baseline -0.005 -15"><span class='ocrx_word' id='word_1_303' title='bbox 223 3679 532 3744; x_wconf 75' lang='lat' dir='ltr'>monaster:</span> <span class='ocrx_word' id='word_1_304' title='bbox 562 3682 626 3741; x_wconf 89' lang='lat' dir='ltr'>in</span> <span class='ocrx_word' id='word_1_305' title='bbox 658 3676 970 3759; x_wconf 86' lang='lat' dir='ltr'>Lestingey</span> <span class='ocrx_word' id='word_1_306' title='bbox 997 3674 1351 3751; x_wconf 82' lang='lat' dir='ltr'>construxit,</span> <span class='ocrx_word' id='word_1_307' title='bbox 1396 3677 1455 3737; x_wconf 90' lang='lat' dir='ltr'>in</span> <span class='ocrx_word' id='word_1_308' title='bbox 1485 3694 1611 3756; x_wconf 92' lang='lat' dir='ltr'>quo</span> <span class='ocrx_word' id='word_1_309' title='bbox 1638 3671 1759 3755; x_wconf 88' lang='lat' dir='ltr'>ipse</span> <span class='ocrx_word' id='word_1_310' title='bbox 1787 3674 2042 3735; x_wconf 85' lang='lat' dir='ltr'>moriens</span> <span class='ocrx_word' id='word_1_311' title='bbox 2078 3670 2247 3733; x_wconf 86' lang='lat' dir='ltr'>dedit</span> 
     </span>
     <span class='ocr_line' id='line_1_41' title="bbox 223 3754 2245 3851; baseline -0.005 -20"><span class='ocrx_word' id='word_1_312' title='bbox 223 3766 365 3831; x_wconf 74' lang='lat' dir='ltr'>illud</span> <span class='ocrx_word' id='word_1_313' title='bbox 388 3766 718 3851; x_wconf 86' lang='lat' dir='ltr'>regendum</span> <span class='ocrx_word' id='word_1_314' title='bbox 742 3762 912 3829; x_wconf 86' lang='lat' dir='ltr'>fratri</span> <span class='ocrx_word' id='word_1_315' title='bbox 939 3762 972 3826; x_wconf 96' lang='lat' dir='ltr'>s</span> <span class='ocrx_word' id='word_1_316' title='bbox 968 3784 1044 3826; x_wconf 88' lang='lat' dir='ltr'>uo</span> <span class='ocrx_word' id='word_1_317' title='bbox 1069 3764 1314 3838; x_wconf 81' lang='lat' dir='ltr'>Ceddae,</span> <span class='ocrx_word' id='word_1_318' title='bbox 1345 3763 1452 3845; x_wconf 87' lang='lat' dir='ltr'>qui</span> <span class='ocrx_word' id='word_1_319' title='bbox 1471 3764 1529 3824; x_wconf 76' lang='lat'>8:</span> <span class='ocrx_word' id='word_1_320' title='bbox 1552 3756 1672 3842; x_wconf 89' lang='lat' dir='ltr'>ipse</span> <span class='ocrx_word' id='word_1_321' title='bbox 1694 3758 1968 3823; x_wconf 83' lang='lat' dir='ltr'>monach:</span> <span class='ocrx_word' id='word_1_322' title='bbox 2012 3754 2245 3821; x_wconf 86' lang='lat' dir='ltr'>Lindis-</span> 
     </span>
     <span class='ocr_line' id='line_1_42' title="bbox 225 3844 2244 3935; baseline -0.004 -17"><span class='ocrx_word' id='word_1_323' title='bbox 225 3852 375 3918; x_wconf 77' lang='lat' dir='ltr'>fam:</span> <span class='ocrx_word' id='word_1_324' title='bbox 408 3857 470 3917; x_wconf 82' lang='lat'>&amp;</span> <span class='ocrx_word' id='word_1_325' title='bbox 499 3874 654 3916; x_wconf 88' lang='lat' dir='ltr'>unus</span> <span class='ocrx_word' id='word_1_326' title='bbox 698 3870 904 3915; x_wconf 87' lang='lat' dir='ltr'>eorum</span> <span class='ocrx_word' id='word_1_327' title='bbox 934 3870 1086 3935; x_wconf 87' lang='lat' dir='ltr'>quos</span> <span class='ocrx_word' id='word_1_328' title='bbox 1115 3850 1382 3912; x_wconf 80' lang='lat' dir='ltr'>Aidanus</span> <span class='ocrx_word' id='word_1_329' title='bbox 1411 3846 1717 3931; x_wconf 84' lang='lat' dir='ltr'>episcopus</span> <span class='ocrx_word' id='word_1_330' title='bbox 1744 3844 2040 3909; x_wconf 83' lang='lat' dir='ltr'>educavit.</span> <span class='ocrx_word' id='word_1_331' title='bbox 2131 3846 2244 3909; x_wconf 88' lang='lat' dir='ltr'>Hic</span> 
     </span>
     <span class='ocr_line' id='line_1_43' title="bbox 223 3928 2245 4024; baseline -0.008 -18"><span class='ocrx_word' id='word_1_332' title='bbox 223 3942 413 4024; x_wconf 61' lang='lat' dir='ltr'>posta</span> <span class='ocrx_word' id='word_1_333' title='bbox 441 3940 560 4004; x_wconf 88' lang='lat' dir='ltr'>fuit</span> <span class='ocrx_word' id='word_1_334' title='bbox 582 3940 770 4003; x_wconf 85' lang='lat' dir='ltr'>Ebor:</span> <span class='ocrx_word' id='word_1_335' title='bbox 803 3934 1130 4021; x_wconf 70' lang='lat' dir='ltr'>episcopm,</span> <span class='ocrx_word' id='word_1_336' title='bbox 1165 3938 1222 3997; x_wconf 88' lang='lat'>&amp;</span> <span class='ocrx_word' id='word_1_337' title='bbox 1253 3934 1450 4017; x_wconf 86' lang='lat' dir='ltr'>postea</span> <span class='ocrx_word' id='word_1_338' title='bbox 1469 3932 1718 4013; x_wconf 84' lang='lat' dir='ltr'>jubente</span> <span class='ocrx_word' id='word_1_339' title='bbox 1740 3932 2075 3996; x_wconf 81' lang='lat' dir='ltr'>Theodoro</span> <span class='ocrx_word' id='word_1_340' title='bbox 2098 3928 2245 4016; x_wconf 62' lang='lat' dir='ltr'>epis·</span> 
     </span>
    </p>
   </div>
   <div class='ocr_carea' id='block_1_6' title="bbox 219 4016 2513 4113">
    <p class='ocr_par' dir='ltr' id='par_1_12' title="bbox 219 4016 2513 4113">
     <span class='ocr_line' id='line_1_44' title="bbox 219 4016 2513 4113; baseline -0.008 -17"><span class='ocrx_word' id='word_1_341' title='bbox 219 4050 400 4113; x_wconf 80' lang='lat' dir='ltr'>copus</span> <span class='ocrx_word' id='word_1_342' title='bbox 453 4032 516 4092; x_wconf 87' lang='lat' dir='ltr'>in</span> <span class='ocrx_word' id='word_1_343' title='bbox 570 4022 936 4091; x_wconf 84' lang='lat' dir='ltr'>Lichefelde.</span> <span class='ocrx_word' id='word_1_344' title='bbox 1024 4024 1392 4085; x_wconf 81' lang='lat' dir='ltr'>colmannus</span> <span class='ocrx_word' id='word_1_345' title='bbox 1443 4020 1730 4083; x_wconf 67' lang='lat' dir='ltr'>defunfto</span> <span class='ocrx_word' id='word_1_346' title='bbox 1769 4022 1991 4082; x_wconf 81' lang='lat' dir='ltr'>Finano</span> <span class='ocrx_word' id='word_1_347' title='bbox 2029 4038 2125 4083; x_wconf 86' lang='lat'>10.</span> <span class='ocrx_word' id='word_1_348' title='bbox 2157 4016 2245 4083; x_wconf 84' lang='lat' dir='ltr'>sui</span> <span class='ocrx_word' id='word_1_349' title='bbox 2266 4022 2513 4090; x_wconf 67' lang='lat' dir='ltr'>Pas-514-</span> 
     </span>
    </p>
   </div>
   <div class='ocr_carea' id='block_1_7' title="bbox 219 4104 2252 4285">
    <p class='ocr_par' dir='ltr' id='par_1_13' title="bbox 219 4104 2252 4285">
     <span class='ocr_line' id='line_1_45' title="bbox 223 4104 2251 4197; baseline -0.009 -13"><span class='ocrx_word' id='word_1_350' title='bbox 223 4115 392 4197; x_wconf 80' lang='lat' dir='ltr'>episc:</span> <span class='ocrx_word' id='word_1_351' title='bbox 417 4136 584 4179; x_wconf 83' lang='lat' dir='ltr'>anno</span> <span class='ocrx_word' id='word_1_352' title='bbox 605 4110 884 4177; x_wconf 77' lang='lat' dir='ltr'>succeffit.</span> <span class='ocrx_word' id='word_1_353' title='bbox 974 4112 1086 4173; x_wconf 90' lang='lat' dir='ltr'>Hie</span> <span class='ocrx_word' id='word_1_354' title='bbox 1116 4108 1335 4171; x_wconf 65' lang='lat' dir='ltr'>exafiis</span> <span class='ocrx_word' id='word_1_355' title='bbox 1363 4110 1424 4172; x_wconf 90' lang='lat' dir='ltr'>in</span> <span class='ocrx_word' id='word_1_356' title='bbox 1451 4104 1630 4189; x_wconf 87' lang='lat' dir='ltr'>episc:</span> <span class='ocrx_word' id='word_1_357' title='bbox 1656 4124 1714 4188; x_wconf 89' lang='lat'>3.</span> <span class='ocrx_word' id='word_1_358' title='bbox 1749 4108 1911 4171; x_wconf 80' lang='lat' dir='ltr'>annis</span> <span class='ocrx_word' id='word_1_359' title='bbox 1932 4120 2061 4168; x_wconf 82' lang='lat' dir='ltr'>orta</span> <span class='ocrx_word' id='word_1_360' title='bbox 2080 4126 2251 4187; x_wconf 85' lang='lat' dir='ltr'><strong>quae·</strong></span> 
     </span>
     <span class='ocr_line' id='line_1_46' title="bbox 219 4193 2252 4285; baseline -0.006 -13"><span class='ocrx_word' id='word_1_361' title='bbox 219 4202 396 4281; x_wconf 69' lang='lat' dir='ltr'>stione</span> <span class='ocrx_word' id='word_1_362' title='bbox 445 4203 526 4271; x_wconf 88' lang='lat' dir='ltr'>de</span> <span class='ocrx_word' id='word_1_363' title='bbox 564 4198 966 4269; x_wconf 81' lang='lat' dir='ltr'>observatione</span> <span class='ocrx_word' id='word_1_364' title='bbox 1012 4194 1207 4281; x_wconf 86' lang='lat' dir='ltr'>pasch:</span> <span class='ocrx_word' id='word_1_365' title='bbox 1259 4198 1420 4285; x_wconf 83' lang='lat' dir='ltr'>apud</span> <span class='ocrx_word' id='word_1_366' title='bbox 1475 4194 1900 4273; x_wconf 58' lang='lat' dir='ltr'>&amp;renem-aule,</span> <span class='ocrx_word' id='word_1_367' title='bbox 1945 4193 2252 4261; x_wconf 77' lang='lat' dir='ltr'>&amp;ibidem</span> 
     </span>
    </p>
   </div>
   <div class='ocr_carea' id='block_1_8' title="bbox 859 4300 2257 4443">
    <p class='ocr_par' dir='ltr' id='par_1_14' title="bbox 859 4300 2257 4443">
     <span class='ocr_line' id='line_1_47' title="bbox 859 4300 2179 4377; baseline -0.005 -20"><span class='ocrx_word' id='word_1_368' title='bbox 859 4324 888 4357; x_wconf 75' lang='lat' dir='ltr'><em>a</em></span> <span class='ocrx_word' id='word_1_369' title='bbox 921 4304 1076 4377; x_wconf 80' lang='lat' dir='ltr'>Regio</span> <span class='ocrx_word' id='word_1_370' title='bbox 1100 4304 1220 4357; x_wconf 84' lang='lat' dir='ltr'>MS.</span> <span class='ocrx_word' id='word_1_371' title='bbox 1319 4302 1344 4355; x_wconf 77' lang='lat' dir='ltr'><em>b</em></span> <span class='ocrx_word' id='word_1_372' title='bbox 1377 4300 1627 4353; x_wconf 66' lang='lat' dir='ltr'>Redundat.</span> <span class='ocrx_word' id='word_1_373' title='bbox 2165 4360 2179 4375; x_wconf 45' lang='grc' dir='ltr'><strong>ο</strong></span> 
     </span>
     <span class='ocr_line' id='line_1_48' title="bbox 1295 4360 2257 4443; baseline 0.008 -22"><span class='ocrx_word' id='word_1_374' title='bbox 1295 4416 1298 4421; x_wconf 92' lang='grc'><strong>.</strong></span> <span class='ocrx_word' id='word_1_375' title='bbox 2086 4360 2257 4443; x_wconf 65' lang='lat' dir='ltr'>adju·</span> 
     </span>
    </p>
   </div>
  </div>
 </body>
</html>
