2975 4800
405 202 1104 287 ANTIQUARII
1188 202 2025 269 COLLECTANEA.

327 326 668 396 Decanatus
691 332 768 393 de
797 328 1120 393 Cestreton.

321 416 497 483 Prior
526 419 602 481 de
632 420 800 481 Hake
829 420 892 480 in
929 416 1164 481 Histon.

323 575 667 643 Decanatus
695 579 771 643 de
811 578 1210 662 Cnapewelle.

325 668 716 751 Pappeworth
745 674 968 749 Agnes·

321 757 722 837 Pappeworth
755 754 1068 819 Everarde.

327 838 648 923 Swavesey.

325 930 624 991 Childerle
649 928 868 1008 Major.

322 1016 616 1079 Childerle
639 1018 860 1077 Minor.

317 1164 652 1229 Decanatus
684 1166 759 1228 de
791 1170 1054 1229 Brunne.

317 1255 720 1317 Grantedene.

318 1342 722 1425 Gamenegey.

317 1488 656 1551 Decanatus
691 1487 767 1551 de
797 1491 1042 1552 Berton.

317 1577 661 1655 Scepreeye.

316 1664 647 1725 Malketon.

313 1746 684 1813 Grantesete.

312 1838 632 1899 Harleton.

309 1925 478 1986 Prior
507 1924 584 1984 de
613 1926 824 2007 Longa
851 1920 1028 1986 Villa.

313 2010 712 2091 Trumpiton.

309 2098 476 2160 Prior
508 2098 584 2160 de
615 2096 1022 2160 Biffemedwe.
1113 2091 1348 2170 Forsan,
1397 2092 1792 2161 Buschmede.

309 2271 649 2331 Decanatus
677 2268 754 2330 de
788 2270 1134 2349 Scenegeye,
1182 2284 1344 2329 nunc
1367 2268 1611 2351 Shinge,
1656 2270 1759 2334 ubi
1782 2266 2157 2354 Hospitalarii
2188 2272 2252 2335 S.

224 2357 464 2436 joannis
495 2376 682 2438 prope
700 2354 970 2436 Wendey
1001 2354 1256 2439 Village.

307 2443 615 2505 Waddon.

307 2532 499 2593 Prior:
531 2531 606 2592 de
637 2529 994 2592 Lavendene
1024 2531 1084 2590 in
1117 2543 1228 2591 tem
1235 2529 1424 2612 poral:

305 2619 577 2698 Wendey
601 2617 917 2699 Templar:

303 2705 747 2789 Baffingburne.

223 2823 234 2838 ·
304 2794 499 2854 Prior.
531 2791 607 2854 de
635 2790 1018 2856 Rumburch„

303 2883 604 2963 Scenegey
637 2875 958 2960 hospitalis».
999 2859 1106 2942 'ubi
1141 2873 1639 2942 commendataria
1667 2875 1727 2936 8.
1756 2874 2019 2957 joannis.

303 2957 540 3030 Gilden
570 2967 859 3030 Mordon.

299 3137 641 3202 Decanatus
671 3136 748 3202 de
776 3139 1094 3212 Habitone,
1142 3156 1298 3202 nunc
1327 3133 1679 3221 AbIngdon.
1746 3191 1750 3195 .

297 3227 661 3309 Ikelington.

295 3311 600 3396 Hospitale
627 3312 704 3376 de
732 3317 1074 3394 Newporte.

295 3403 466 3463 Prior
495 3400 570 3462 de
600 3403 812 3464 Monte
831 3400 1122 3464 Mol-teliu.

297 3484 767 3568 Parnpesworth.

300 3573 578 3638 Sauston.

295 3661 504 3725 Abbas
532 3658 828 3743 Gresting.

295 3750 620 3811 Berclawe.

295 3837 469 3898 Prior
499 3835 574 3897 de
609 3832 939 3898 Ikeworde.

295 3923 662 3984 Schudecarn
672 3943 792 4002 pes·
837 3981 844 3988 .

294 4007 527 4072 Fratres
559 4007 874 4092 Hospitalis
905 4007 980 4070 de
1007 4011 1318 4090 Newport.

295 4094 542 4176 Horsey.

293 4187 551 4266 Campes·
580 4203 816 4266 magna.

297 4271 472 4333 Prior
509 4270 582 4332 dc
615 4275 782 4332 Hake
808 4273 870 4334 ln
909 4267 1146 4335 ecclelia
1176 4267 1252 4332 de
1274 4271 1535 4332 Wikam.

210 4361 403 4424 Tou.
433 4363 486 4422 Ι.
536 4361 671 4421 Par.
714 4375 774 4424 2.
1257 4359 1312 4418 K
1341 4361 1382 4418 k
1411 4362 1453 4418 k.
1980 4355 2245 4416 Decana·

2480 184 2617 287 44¹1

2288 1672 2507 1733 Malum„

2280 2022 2393 2087 Peg.
2416 2027 2535 2079 631.
