2975 4800
429 182 560 271 664
1055 188 1154 253 De
1179 188 1370 255 Rebus
1393 188 1739 276 Anglicanis
1764 188 2037 276 Opust-:da
2071 191 2279 257 Varia.

674 328 738 389 et
763 322 1188 409 baptizandam
1213 322 1583 387 obtulerunt.
1679 324 1763 386 Et
1788 318 2210 406 consequenter
2252 319 2481 387 ibidem
2524 318 2607 385 ad
2658 334 2731 386 et

671 411 850 497 juxta
909 412 1436 495 interrogationem
1498 408 1643 474 dieti
1694 410 2022 473 Reverendi
2086 410 2298 487 Patris,
2372 406 2726 473 sciscitantia

681 520 812 583 quo
838 502 1080 563 nomine
1111 496 1265 561 dista
1291 496 1488 563 infans
1516 498 1929 581 appellaretur,
1956 498 2319 560 Elizabetbae
2350 496 2463 559 fibi
2492 516 2728 561 nomen

681 589 1055 650 concorditer
1085 583 1495 667 imposuerunt
1516 602 1579 648 et
1596 584 2176 672 dederunt..Qibus
2194 583 2276 646 fic
2300 584 2498 669 gestis,
2517 584 2729 649 distas

683 676 1067 741 Reverendus
1085 678 1253 735 Pater
1263 672 1378 735 di&
1387 694 1482 735 am
1492 669 1845 737 Infantulam
1862 694 1961 755 per
1974 688 2190 735 nomen
2208 672 2731 751 Elizabethaejux·

687 778 750 825 ta
769 746 1202 851 impositionem
1227 760 1535 823 diciorum
1562 760 2035 823 Reverendissimi
2056 762 2247 823 Patris
2275 756 2731 843 Archiepiscopl

685 849 958 921 Patrimi,
1003 866 1062 911 et
1091 846 1358 913 Duceffae
1385 870 1453 909 ac
1481 846 1906 911 Marchioniffae
1938 848 2358 910 Matrimarum
2402 866 2573 910 more
2614 848 2732 909 Ee·

689 936 880 999 clefiae
931 932 1102 999 solito
1149 936 1551 1009 catechizavit,
1610 936 1991 1009 exorcizavit,
2054 956 2125 996 ac
2182 935 2397 997 deinde
2442 932 2733 997 adhibitis

695 1022 808 1111 piis
835 1022 1196 1097 ceremoniis,
1241 1040 1302 1083 et
1339 1020 1729 1097 orationibus,
1760 1042 1829 1085 ac
1860 1022 2369 1103 admonitionibus
2398 1022 2555 1085 cirea
2580 1022 2735 1103 bap-

697 1110 1068 1173 tizandorum
1099 1110 1618 1173 catechizationem
1646 1110 1919 1173 adhiberi
1964 1125 2026 1171 et
2064 1111 2179 1171 dici
2226 1105 2430 1184 solitis,
2476 1108 2737 1173 eandem

697 1194 1056 1261 infantulam
1083 1198 1146 1261 in
1177 1216 1385 1261 navem
1417 1194 1689 1261 Ecclefiae
1730 1196 2155 1265 Conventualis
2202 1196 2499 1279 praedic'tae
2542 1192 2739 1281 usque

697 1282 774 1353 ad
803 1281 1032 1347 fontem
1057 1280 1497 1365 Baptismalem‚
1540 1284 1615 1345 ad
1646 1284 2059 1367 baptizandam
2086 1283 2331 1351 eandem
2362 1282 2737 1347 Infantulam

701 1372 926 1437 ibidem
955 1392 1124 1435 more
1153 1371 1347 1455 Regio
1389 1368 1421 1433 s
1455 1372 1695 1433 lendide
1742 1372 1995 1435 ereciam
2039 1385 2097 1434 et
2144 1388 2412 1433 ornatam
2458 1372 2523 1435 io
2576 1371 2737 1435 ulnis

701 1458 882 1523 dictae
900 1462 1178 1524 Domina:
1207 1394 1464 1523 Ducissjaie
1485 1456 1683 1522 Norff.
1719 1460 1995 1533 delatam,
2040 1478 2207 1521 more
2230 1456 2503 1521 Ecclefiae
2528 1458 2741 1529 debito

702 1566 810 1631 per
837 1545 1066 1609 dietum
1119 1567 1334 1609 nomen
1374 1546 1689 1611 Elizabeth
1728 1546 1803 1609 ad
1852 1546 1994 1608 dicti
2038 1544 2517 1609 Reverendiffimi
2546 1548 2741 1609 Patris

705 1635 971 1707 Patrimi,
1015 1647 1074 1695 et
1105 1632 1398 1697 dictarum
1431 1636 1830 1697 Dominarum
1860 1634 2110 1695 Duciffae
2136 1630 2332 1707 Norffi
2376 1648 2437 1696 et
2474 1634 2739 1697 Mat-chi,

705 1718 908 1785 oniss'ae
959 1716 1212 1785 Dorset:
1283 1724 1847 1783 Commatrimarum
1876 1720 2271 1805 Sponsionem
2312 1719 2490 1783 fidem
2518 1716 2740 1784 Christi

705 1811 836 1871 vice
863 1823 926 1872 et
953 1808 1194 1871 nomine
1213 1804 1472 1887 ejusdem
1494 1805 1807 1871 Infantulae
1836 1808 2114 1890 expressa:
2144 1806 2575 1893 profitentium,
2622 1807 2742 1871 hiis

709 1896 933 1958 verbis.
978 1898 1114 1979 Ego
1139 1894 1378 1979 baptizo
1421 1910 1482 1957 te
1524 1897 1586 1958 in
1638 1898 1875 1959 nomine
1923 1897 2130 1971 Patris,
2174 1896 2329 1973 Filii,
2382 1910 2446 1959 et
2486 1895 2745 1980 Spiritus

713 1982 940 2057 Sancti,
985 1986 1201 2046 Amen.
1289 1984 1645 2065 Baptizavit.
1731 1984 1972 2070 Qibus
2017 1982 2099 2046 fic
2136 1982 2319 2047 modo
2354 2004 2482 2067 quo
2512 1978 2745 2067 profer-

715 2086 820 2134 tur
877 2070 1194 2152 expeditis,
1267 2065 1727 2154 ,circumspeRus
1796 2072 1889 2147 tir
1946 2070 2115 2135 Tho.
2154 2070 2555 2155 Wriotbessey
2604 2070 2749 2133 alias

715 2159 938 2221 Garter
969 2160 1106 2220 Rex
1156 2177 1456 2221 armorum
1485 2156 1843 2243 Anglornm,
1893 2178 2133 2234 nomen,
2178 2156 2427 2221 titulum
2452 2172 2519 2221 et
2544 2156 2749 2242 digni-

719 2258 903 2306 tatem
933 2240 1110 2325 ipsius
1141 2246 1420 2309 Dominae
1463 2242 1825 2309 Elizabethae
1866 2245 2091 2310 ibidem
2122 2244 2359 2331 publice
2380 2260 2444 2309 et
2468 2241 2748 2308 solemnia

717 2346 810 2393 ter
837 2330 904 2397 in
928 2330 1159 2414 vulgari
1189 2330 1535 2414 publicavit,
1560 2348 1620 2395 et
1648 2352 1726 2400 ex
1746 2330 1966 2417 scripto
1986 2331 2302 2396 declaravit
2330 2328 2441 2397 sub
2466 2332 2583 2397 hiis
2606 2352 2753 2417 qua

717 2415 1049 2500 sequuntur
1092 2417 1310 2494 verbis,
1358 2421 1472 2484 viz.
1520 2421 1660 2484 God
1690 2417 1763 2484 of
1781 2421 1879 2484 his
1904 2421 2139 2484 infinite
2164 2425 2360 2484 Graoe
2386 2421 2507 2484 and
2534 2421 2752 2484 Good·

717 2504 874 2570 neffe
899 2523 1046 2588 geve
1071 2504 1187 2569 and
1214 2503 1354 2569 send
1379 2506 1547 2591 good
1574 2505 1731 2590 Lyfe
1756 2509 1871 2571 and
1900 2508 2079 2592 longe
2106 2525 2173 2574 to
2198 2508 2303 2572 the
2330 2508 2523 2593 Right
2548 2507 2757 2592 I-Iigbe

719 2593 840 2658 and
865 2592 1058 2678 Right
1090 2592 1400 2658 Excellent
1427 2593 1715 2660 Princess'e
1755 2593 1831 2659 of
1877 2593 2153 2680 England
2185 2595 2288 2659 the
2326 2595 2519 2660 Ladie
2554 2597 2753 2660 Elin-

723 2681 892 2746 beth.
979 2685 1074 2744 Ac
1117 2677 1537 2764 consequenter
1582 2683 1709 2764 post
1758 2681 2046 2765 premiffa,
2094 2681 2411 2746 nonnullae
2456 2684 2757 2748 orationes

721 2784 786 2831 et
813 2768 1169 2831 ceremonias
1200 2768 1274 2830 ad
1307 2775 1324 2828 t
1331 2789 1603 2832 nmmum
1633 2771 1813 2832 altare
1842 2769 2019 2836 diftae
2046 2767 2322 2833 Ecclefiae
2346 2765 2522 2854 super
2548 2767 2755 2852 hujus-

723 2856 894 2936 rnodi
926 2855 1222 2918 Infantula
1249 2855 1447 2920 elifius
1482 2855 1864 2920 Reverendus
1908 2859 2081 2920 Pater
2126 2853 2455 2942 Episcopus
2494 2859 2757 2922 London

727 2939 994 3026 perfusit.
1087 2947 1280 3025 Super
1319 2943 1541 3026 quibus
1570 2945 1847 3007 omnibus
1874 2960 1934 3006 et
1964 2943 2205 3030 singulis
2234 2943 2430 3008 dictus
2452 2947 2755 3008 Reveren-

725 3027 992 3092 diffimus
1035 3031 1212 3092 Pater
1239 3029 1531 3092 Patrimus
1576 3051 1637 3094 et
1665 3049 2073 3115 proepotcntes
2120 3033 2445 3114 Principes,
2502 3032 2759 3104 Domini

726 3117 900 3178 Tho.
931 3113 1126 3180 Norff.
1155 3132 1217 3178 et
1239 3117 1493 3180 Carolus
1515 3113 1667 3180 Suff.
1702 3121 1923 3194 Duces,
1956 3139 2025 3182 ac
2052 3119 2345 3182 clariffimi
2375 3119 2487 3184 viri
2508 3121 2757 3186 Domini

727 3203 900 3264 Tho.
933 3199 1194 3264 Dorset=
1243 3203 1320 3264 Et
1353 3205 1645 3268 Hem-icus
1681 3208 1882 3269 Exon.
1926 3209 2327 3284 Marchiones,
2369 3221 2434 3270 et
2469 3209 2765 3272 Henricus

726 3287 922 3361 Effex,
968 3291 1254 3353 Hem-icus
1306 3290 1585 3372 Wigorn,
1642 3307 1703 3356 et
1754 3293 1925 3358 Tho.
1976 3295 2211 3358 Wilton
2256 3294 2545 3358 Comites.
2634 3297 2763 3359 Nec

725 3395 852 3448 nou
911 3377 1206 3458 Georgius
1261 3377 1609 3441 Vicecomes
1680 3377 2046 3458 Rocheford,
2106 3397 2291 3464 atque
2346 3379 2595 3444 Nobiles
2650 3383 2766 3450 viri

728 3464 1027 3554 jhoannes
1077 3461 1314 3544 Huffey‚
1361 3479 1423 3525 et
1473 3463 1648 3528 Tho.
1702 3467 1985 3552 Borougb
2028 3471 2305 3540 Batones,
2348 3489 2417 3530 ac
2460 3471 2570 3531 W.
2602 3472 2763 3536 ntz-

729 3551 978 3613 william
1023 3547 1476 3626 Thesaurarius,
1544 3569 1605 3616 et
1652 3557 1751 3616 W.
1782 3553 2007 3618 Pawlet
2036 3556 2561 3619 Contrarotulator
2612 3555 2763 3621 Hos-.-

729 3639 866 3724 pitii
894 3631 1040 3701 diffl
1089 3638 1336 3702 Domini
1383 3635 1565 3703 nostri
1614 3641 1796 3724 Regis
1839 3643 2090 3717 Milites,
2132 3663 2203 3706 ae
2232 3643 2403 3706 Tho.
2438 3643 2767 3710 eromwell

727 3728 1010 3809 Armiger
1043 3725 1338 3802 jocalium
1411 3725 1637 3790 domini
1706 3726 1887 3790 nostri
1936 3729 2121 3814 Regis
2184 3728 2486 3812 Magister,
2554 3746 2617 3794 et
2670 3752 2769 3795 me

727 3813 1206 3880 Protonotarium
1257 3809 1667 3895 subscriptum,
1715 3835 1900 3880 unum
1942 3819 2033 3885 vel
2086 3817 2255 3899 plura
2304 3816 2625 3899 publicum
2667 3817 2765 3883 seu

726 3901 962 3981 publica
1003 3899 1458 3968 instrumentum
1506 3900 1622 3964 five
1665 3901 2047 3966 instrumenta
2090 3904 2306 3976 exinde
2336 3903 2651 3980 conficere,
2698 3925 2769 3970 ac

723 3985 952 4048 dietum
985 3989 1399 4051 Reverendum
1449 3993 1687 4052 Patrem
1730 3993 1811 4052 D.
1852 3992 2185 4068 johannem
2228 3993 2340 4073 Ep.
2375 3991 2664 4069 London,
2708 4007 2772 4058 et

717 4071 1078 4136 venerabiles
1125 4076 1328 4136 Patres
1371 4075 1637 4138 Abbates
1664 4095 2045 4155 memoratos,
2088 4097 2196 4140 nec
2242 4098 2367 4141 non
2416 4075 2771 4161 spectabiles

713 4159 872 4228 viros
895 4160 1256 4238 Stephanum
1274 4163 1501 4224 Pecock
1516 4163 1784 4226 Civitatis
1804 4165 1973 4227 Lond
1980 4185 2059 4226 on
2076 4179 2415 4246 proetorem,
2428 4165 2770 4244 Jobannem

710 4247 1078 4340 &lammam
1085 4246 1285 4329 alelen:
1299 4247 1959 4350 Dodmer,W.flollyde
1970 4252 2555 4350 hiilites,Johannem
2572 4251 2771 4354 riarde

2607 4361 2771 4443 tuga,
