2975 4800
305 180 437 290 ³3⁶-

338 2776 452 2845 Pag.
470 2792 585 2837 4⁷²·

979 154 2299 253 JOANNrsLELANDI

645 325 981 394 Carieoient
1009 325 1284 410 Successit
1311 327 1362 388 ei
1383 327 1687 391 Robertus
1715 323 1792 391 de
1814 327 2054 408 Chaury
2083 323 2337 389 thesaur:
2368 324 2613 410 regipae.

731 418 912 492 Anno
939 416 1140 497 gratiae
1178 434 1200 476 1
1224 433 1292 497 13
1305 434 1362 496 3.
1409 417 1785 478 Innocentius
1812 411 2121 497 episcopus
2152 417 2265 476 Ro:
2318 409 2721 476 confirmavit

645 504 920 566 chartam
950 501 1098 564 Hem
1113 503 1186 564 ici
1231 502 1404 586 primi
1451 504 1611 586 regis
1640 501 1823 585 Angl:
1856 501 1933 565 de
1962 499 2308 565 fundatione
2346 497 2493 563 sedis
2540 493 2721 584 epis·

537 621 540 624 ⁴
649 587 885 676 copalis‘
901 588 978 650 de
1005 589 1287 652 Cairluei.

739 675 1169 740 AEthelwaldus
1201 677 1423 757 primus
1449 677 1621 738 Prior
1650 679 1710 740 S.
1744 673 2004 738 Oswaldi
2034 675 2109 738 de
2146 673 2429 738 Nostelles
2458 674 2517 736 ln
2551 690 2723 754 pro-

647 765 798 836 vint:
835 765 1021 826 Ebot-2
1053 761 1247 826 faostus
1279 765 1500 844 primus
1529 761 1837 846 episcopus
1860 765 1935 824 de
1954 762 2233 825 Cairluel.

733 847 1018 930 Adjestae
1047 846 1180 910 sunt
1205 849 1456 912 ecclefiae
1483 849 1557 911 de
1587 850 2026 913 Cumbrelande
2066 851 2127 912 &
2166 845 2717 918 Westmoreiande,

647 958 786 1022 quae
835 951 972 999 ante
1017 937 1228 1014 injuste
1255 937 1645 1016 adjacuerunt
1691 937 2192 999 archidiaconatui
2222 935 2714 1003 Richemondiae,

647 1025 768 1102 sodi
817 1023 1160 1086 Carliolensi
1215 1021 1493 1088 consensu
1543 1023 1861 1098 Thurstini
1916 1023 2356 1108 archiepiscopi,
2400 1025 2459 1084 &
2508 1021 2713 1104 totiqs

645 1135 710 1176 ca
759 1111 892 1174 ituli
923 1111 1104 1173 Ebot:

717 1133 913 1261 Ιἰθὶτιηο
943 1195 1050 1260 D1.
1111 1193 1428 1260 Millefimo
1475 1195 1796 1261 centefimo
1824 1199 1884 1260 8c
1929 1211 1959 1244 ⁰
2000 1201 2035 1239 *¹
2066 1199 2139 1260 C.
2182 1194 2553 1261 consecratus
2579 1187 2715 1265 fuit

649 1285 910 1350 Barnard
923 1303 990 1345 us
1017 1279 1342 1367 episcopus.

733 1375 916 1434 Auno
935 1374 1018 1434 D.
1057 1369 1083 1417 b
1123 1376 1160 1411 *¹
1201 1389 1270 1432 ι2
1281 1389 1314 1452 3
1325 1389 1380 1452 3.
1429 1367 1581 1432 obiit
1600 1373 1781 1452 Hugo
1808 1366 2113 1453 episcopus
2136 1369 2321 1434 Cairl:
2352 1367 2461 1448 qui
2486 1363 2715 1430 fraude

649 1459 980 1522 dimidiavit
1009 1457 1371 1539 poss'effiones
1403 1461 1632 1520 Canon:
1682 1459 1829 1519 dum
1860 1459 2075 1520 rediret
2103 1457 2137 1520 ὲ
2162 1460 2326 1520 curia
2360 1459 2478 1516 Ro:
2534 1453 2711 1535 apud

655 1552 884 1610 Sortem
908 1544 1206 1610 abbatiam
1223 1545 1607 1630 Burgundiae‚
1638 1545 1735 1608 die
1760 1545 2059 1609 dominica
2088 1543 2239 1608 iufra
2264 1543 2389 1608 061:
2418 1541 2707 1626 assumpte

655 1639 741 1700 D.
775 1632 1002 1696 Mariae.

745 1726 926 1787 Anno
955 1723 1036 1781 D.
1069 1722 1106 1758 ⁴*
1145 1735 1256 1799 123
1275 1737 1328 1779 1:
1373 1713 1745 1782 consecratus
1772 1715 1891 1781 fuit
1920 1717 2238 1782 walterus.

743 1810 925 1870 Anno
953 1809 1030 1868 D.
1077 1822 1262 1880 1247.
1306 1801 1681 1868 consecratus
1703 1803 1821 1868 fuit
1852 1804 2163 1889 Sylvester.

743 1894 914 1958 Obiit
942 1891 1228 1972 Sylvesser
1261 1908 1416 1954 anno
1447 1895 1530 1954 D.
1568 1910 1642 1956 12
1654 1890 1757 1975 56.

747 1983 929 2044 Anno
951 1983 1034 2044 D.
1077 1997 1151 2044 12
1163 1979 1264 2062 56.
1312 1973 1667 2042 consecratio
1696 1977 1977 2043 Thomae.
2022 1979 2191 2052 Obiit
2213 1999 2369 2044 anno
2390 1981 2475 2042 D.
2516 1993 2590 2040 12
2600 1977 2710 2060 58.

749 2073 935 2132 Anno
963 2071 1046 2132 Ι).
1085 2086 1158 2130 12
1169 2070 1270 2149 58.
1316 2062 1572 2130 consecr:
1604 2066 1873 2130 Roberti.

755 2153 1034 2216 Successit
1065 2154 1438 2234 Radulphus,
1471 2157 1581 2234 qui
1607 2151 1725 2217 fuit
1752 2153 2092 2216 Canonicus
2122 2149 2199 2214 de
2228 2147 2580 2216 Giseburne.

755 2239 1034 2302 Succeffit
1062 2241 1315 2316 jeannes
1343 2241 1622 2304 Hawlton
1654 2242 1980 2304 Canonicus
2000 2237 2405 2303 Carleolenfis.

755 2324 1296 2412 SucceffitJotinnes
1315 2325 1390 2388 de
1404 2323 1581 2401 Rufe,
1607 2324 1832 2407 utriusq
1842 2328 2077 2409 uejuris
2094 2325 2321 2405 doCtor,
2346 2343 2467 2390 non
2486 2321 2716 2390 deitas

663 2434 765 2501 per
792 2412 1138 2495 capitulum,
1188 2408 1285 2474 sed
1313 2430 1546 2477 creatus
1574 2435 1682 2497 per
1708 2413 2048 2498 episcopum
2080 2418 2195 2477 Ro:

753 2498 1026 2563 Succesfit
1051 2502 1306 2577 Joannes
1323 2498 1683 2583 deKirkeby
1712 2504 1943 2565 Canon:
1964 2499 2297 2565 Carleolem

753 2586 1030 2667 Successit
1059 2586 1370 2649 Gilbertus
1393 2588 1468 2650 de
1496 2590 1737 2651 Welton
1768 2588 1981 2651 doflor
2016 2589 2191 2669 juris·
2240 2584 2245 2591 ’

754 2674 1032 2738 Succeffit
1063 2676 1335 2735 Thomas
1362 2676 1640 2758 Appieby
1670 2679 1901 2739 Canon:
1936 2671 2336 2739 Carleolenfis.

755 2760 944 2825 Tunc
974 2760 1196 2827 elestus
1226 2759 1342 2823 fuit
1389 2762 1541 2827 Gul:
1587 2762 1999 2827 Strikelande=
2065 2761 2161 2825 sed
2197 2762 2497 2824 Robertus
2527 2757 2717 2835 Rede‚

663 2849 845 2927 frater
863 2851 1242 2921 Praedicator,
1278 2848 1349 2910 ad
1371 2848 1703 2913 instantiam
1732 2852 1884 2935 regis
1904 2849 2209 2923 Richardi,
2244 2844 2617 2911 consecratus
2633 2847 2721 2909 est

667 2934 995 3024 episcopus,
1013 2939 1070 3000 8c
1093 2935 1298 2999 eodem
1321 2957 1478 3000 anno
1500 2938 1807 2999 transsatus
1825 2934 1908 2999 est
1930 2938 2007 3001 ad
2028 2936 2217 3000 sedem
2233 2930 2672 2997 Cicestrensem.

755 3026 1027 3086 Thomas
1073 3026 1246 3085 Merk
1297 3025 1625 3085 monachus
1674 3020 2292 3089 westmonasterienfis
2335 3018 2621 3094 successit‚
2684 3016 2722 3081 ὲ

671 3110 986 3175 Bonis-acio
1022 3130 1081 3190 9.
1115 3106 1388 3191 episcopo
1417 3112 1536 3173 Ro:
1568 3112 1624 3171 in
1656 3112 1907 3194 gratiam
1944 3112 2099 3195 regis
2144 3107 2419 3172 Richardi
2460 3124 2729 3171 creatus·

674 3198 786 3261 Hic
820 3196 1014 3277 postea
1045 3216 1202 3259 anno
1255 3208 1338 3279 5“.
1371 3198 1611 3261 Henrici
1637 3196 1721 3277 4¹.
1773 3198 2082 3261 transsatus
2130 3196 2248 3259 fuit
2293 3194 2370 3259 ad
2416 3194 2723 3259 ecclesiam

678 3286 910 3349 Sarum.

767 3368 1040 3433 Succeffit
1063 3368 1210 3431 Gul:
1237 3368 1572 3433 Strikeland
1601 3387 1831 3434 creatus
1862 3392 1966 3455 per
1992 3370 2369 3435 Bonisacium
2394 3390 2457 3451 9.
2502 3366 2725 3451 episco-

682 3478 827 3542 pum
853 3460 968 3519 Ro:
1035 3459 1148 3520 Hic
1179 3456 1317 3521 fecit
1343 3476 1500 3544 mag=
1543 3460 1869 3541 campanile
1892 3463 1953 3523 in
1976 3458 2239 3522 cathedr:
2268 3456 2506 3520 ecclelia
2533 3477 2569 3517 a
2599 3474 2731 3519 me«

680 3547 898 3608 dietate
916 3544 988 3605 ad
1011 3542 1322 3619 summum,
1357 3566 1474 3606 uua
1494 3566 1631 3607 cum
1651 3560 1912 3627 quatuor
1934 3550 2162 3630 magnis
2200 3545 2500 3627 campanis
2529 3544 2591 3607 in
2626 3564 2725 3605 ea·

681 3633 840 3779 deuii,
885 3632 945 3693 8<
975 3631 1132 3695 stalla
1159 3632 1519 3717 perpulchra
1546 3636 1609 3696 in
1642 3634 1847 3709 choi-0,
1894 3636 1951 3696 δε
1973 3634 2413 3717 coopertorium
2452 3632 2731 3695 mucellae

683 3720 778 3800 eju
806 3718 960 3781 dem.
2723 3773 2735 3782 .

769 3804 1106 3867 AEdificavit
1137 3808 1347 3869 turrim
1379 3826 1652 3891 magnam
1682 3809 1741 3870 in
1770 3810 2033 3872 manerio
2060 3808 2133 3870 de
2156 3804 2329 3884 Rosa,
2361 3826 2498 3893 quae
2528 3805 2735 3885 adhuc

684 3910 930 3955 vocatur
963 3894 1322 3956 Strikelands
1347 3896 1599 3959 Towre.

765 3981 939 4045 Obiit
954 4000 1111 4043 anno
1123 3984 1202 4045 D.
1221 4000 1244 4043 1
1256 4002 1296 4059 4
1315 4000 1408 4065 ¹9·
1425 3984 1654 4065 penulte
1670 3984 1833 4067 Aug:
1847 3984 1906 4045 8ι
1922 4003 2015 4045 an.
2034 3978 2288 4045 consecr:
2302 3977 2334 4044 s
2328 4002 2413 4043 uae
2426 3980 2593 4043 vicefi
2603 4002 2729 4047 mo.

743 4152 772 4183 a
809 4134 898 4193 Sic,
935 4149 1036 4185 cum
1074 4134 1286 4201 qlicrisco.
1395 4134 1420 4185 b
1455 4138 1547 4197 Sic,
1580 4152 1678 4185 cum
1716 4137 1933 4203 aster-isra,
1986 4146 2037 4186 ut
2072 4139 2279 4201 proxima
2321 4134 2455 4185 semo
2490 4137 2731 4201 precedat.

677 4200 830 4250 Asin-r
849 4200 968 4265 asad
986 4200 1274 4259 Godwiamm,
1307 4202 1378 4267 qni
1416 4202 1538 4255 docet
1560 4205 1794 4271 Hugonem
1816 4204 1923 4268 fleto
1958 4202 2189 4271 conceffgffl·
2214 4220 2355 4264 1223.
2396 4209 2450 4254 <7
2478 4202 2733 4253 Walterum

679 4282 822 4317 exem
845 4283 960 4318 atsto
981 4264 1118 4333 jiq‘ffe
1136 4268 1448 4335 coxficratum.

2581 4338 2733 4400 Suc·
