2975 4800
366 180 501 272 ΒΦ
618 283 627 295 ,

583 335 599 360 l

484 372 577 409 bh.

1012 160 2347 261 JOANNLSLELANDI

788 332 963 393 Anna
997 349 1102 393 rex
1128 326 1351 393 occisus
1394 326 1428 389 a
1472 326 1692 403 Penda,
1737 346 1875 411 rege
1921 328 2307 403 Merciorum,
2351 346 2512 391 anno
2561 328 2743 413 regni

641 430 681 469 ⁸
704 412 791 481 sui
826 437 926 500 19.
956 436 1112 481 anno
1132 438 1271 479 vero
1290 421 1373 481 D.
1404 414 1558 499 654.
1589 417 1648 477 8ε
1674 417 1738 477 in
1763 414 1919 491 loco,
1959 430 1990 461 ὃ
2022 414 2164 499 quin
2189 414 2546 503 Blideiburg
2575 437 2740 480 nun·

700 522 977 589 cupatur,
1023 504 1314 588 sepelitur.

784 590 915 655 Illic
956 592 1129 654 etiam
1176 588 1439 674 sepultus
1480 587 1568 653 est
1597 588 1920 667 Jurminus,
1963 588 2093 669 ejtls
2143 589 2323 664 filius,
2367 588 2476 671 qui
2527 585 2736 673 posta

694 680 1007 745 transsatus
1032 677 1116 741 est
1142 678 1218 741 ad
1244 676 1542 741 ecclesiam
1574 679 1634 743 S.
1661 676 1965 740 Edmundi
1994 680 2055 739 in
2079 674 2605 741 Betrichesworth.

786 765 1144 829 Hereswitha
1174 767 1376 851 regipa
1414 760 1608 829 occiso
1633 765 1810 826 Anna
1843 760 2108 847 profecta
2151 761 2236 827 est
2273 766 2352 828 ad
2381 763 2548 841 Cale,
2595 783 2734 827 mo·

700 852 905 916 naster:
936 852 1170 916 Galliae.

789 938 1064 1003 Succeffit
1080 943 1265 1003 Annae
1286 940 1349 1003 in
1378 959 1508 1023 reg:
1526 937 1790 1002 Adelher
1805 938 1930 1019 ejus
1951 935 2148 1015 frater,
2178 937 2350 1018 cujus
2375 950 2646 1023 tempore
2663 942 2732 1003 S.

698 1027 1039 1109 Botulphus
1068 1026 1373 1092 monaster:
1406 1028 1470 1088 in
1499 1030 1730 1091 ikanno
1754 1025 2093 1091 construxit.

786 1118 919 1177 Rex
949 1112 1209 1177 Adelher
1236 1110 1457 1177 occisus
1482 1111 1567 1175 est
1595 1132 1755 1175 anno
1779 1133 1902 1196 reg:
1925 1110 2012 1175 sui
2042 1112 2132 1176 2⁰.
2163 1110 2242 1173 ab
2269 1112 2534 1174 exercitu
2565 1110 2731 1177 Oswi

696 1202 857 1284 regis
899 1199 1299 1265 Northumbr:
1350 1202 1469 1263 Cui
1497 1197 1754 1263 successit
1782 1196 1962 1263 frater
1990 1199 2123 1281 ejus
2157 1210 2240 1279 3⁸.
2286 1198 2730 1279 Ethelwoldus,

698 1287 895 1353 bonus
922 1308 991 1350 ac
1010 1308 1185 1349 verus
1214 1290 1325 1351 Dei
1354 1287 1575 1354 cultor.
2519 1295 2538 1307 ⁵

524 1422 535 1429 .
744 1374 1536 1457 »CuisucceffitAdulphus,
1579 1374 1706 1455 ejus
1726 1392 1929 1457 nepos,
1974 1370 2360 1445 Annaefilius‚
2407 1374 2584 1451 cujus
2604 1372 2729 1438 filia

696 1463 1021 1547 Eadburga
1047 1461 1329 1525 abbatissa
1357 1464 1423 1525 in
1440 1460 1842 1545 Reopendune
1863 1458 2093 1524 famulo
2123 1460 2238 1523 Dei
2265 1461 2576 1523 Guthlaoo
2613 1459 2730 1524 sar·

692 1548 1027 1632 cophagum
1066 1548 1417 1631 plumbeum
1448 1549 1860 1633 lintheumque
1889 1546 2248 1624 transmifit3
2311 1551 2376 1611 ln
2401 1568 2532 1631 quo
2557 1548 2728 1614 idem

604 1688 611 1697 .
696 1636 789 1699 vir
818 1638 931 1698 Dei
962 1634 1157 1719 postea
1186 1634 1449 1717 sepultus
1474 1634 1580 1699 est.

374 2606 489 2674 hg·
506 2610 622 2669 852.

782 1723 1111 1807 Sexburga,
1142 1727 1329 1785 Annae
1352 1723 1762 1805 primogenita,
1807 1719 2028 1805 nupfit,
2073 1741 2230 1784 anno
2255 1741 2313 1805 ς.
2337 1721 2506 1806 regui
2537 1722 2726 1803 patris

694 1806 807 1885 sui,
852 1809 1261 1873 Erconbertho
1305 1830 1431 1893 reg:
1484 1813 1766 1873 cantuar:
1809 1808 2049 1893 Qibus
2095 1813 2217 1871 nati
2253 1808 2386 1871 funt
2429 1828 2488 1871 2.
2533 1829 2724 1892 regen,

696 1897 987 1969 Ecbertus
1000 1898 1060 1961 8:
1084 1898 1425 1970 Lotharius,
1456 1898 1516 1959 8<
1532 1898 1670 1960 duae
1689 1896 1845 1970 ffliae,
1875 1898 2212 1957 Ermenilda
2231 1917 2301 1958 ac
2321 1900 2681 1980 Erkengom.

780 1986 1093 2068 Sexburga
1124 1982 1251 2067 post
1275 1985 1514 2046 obitum
1535 1986 1664 2060 viri,
1699 1982 1724 2031 b
1763 1984 1872 2066 qui
1902 2002 2006 2060 24.
2038 1986 2223 2057 annis,
2269 1986 2562 2065 regnavit,
2607 1985 2720 2048 do·

692 2090 816 2141 noct
840 2074 1177 2158 impuberes
1208 2088 1363 2134 anno
1404 2070 1630 2137 chridi
1673 2072 1740 2133 in
1783 2070 1968 2133 robur
1989 2071 2170 2133 virilis
2197 2072 2388 2133 aetatis
2431 2068 2722 2159 reforma·

691 2174 881 2221 verat.
910 2182 929 2209 τ

779 2244 1087 2329 sexburga
1108 2242 1300 2326 postea
1328 2244 1637 2309 monaster:
1659 2246 1719 2309 in
1739 2244 2006 2329 Shepege
2033 2242 2322 2320 condidit,
2353 2264 2425 2309 ac
2449 2244 2640 2310 abbas
2665 2248 2724 2311 ei

693 2328 936 2418 praefuit
962 2330 1223 2395 collectis
1255 2350 1357 2411 77.
1388 2330 1710 2416 discipulis.

690 2416 1055 2578 adchridu.0.
1082 2437 1187 2483 rex
1214 2417 1582 2504 poss'effiones
1622 2418 1991 2497 monasterio,
2037 2425 2071 2486 a
2113 2433 2300 2484 matre
2347 2416 2449 2484 sua
2493 2419 2718 2498 erecto,

758 2506 927 2589 jecit.
1815 2501 1820 2516 '

778 2598 938 2658 Cum
968 2591 1275 2678 Sexburga
1302 2591 1538 2670 cuncta,
1583 2613 1726 2678 quae
1751 2594 2126 2660 inchoaverat
2153 2595 2216 2657 in
2245 2593 2533 2678 Shepege,
2585 2616 2722 2679 per·

690 2679 932 2758 feciffet,
966 2683 1035 2748 'dt
1062 2681 1249 2746 totius
1278 2683 1520 2744 Cantiae
1545 2682 1776 2744 tertiam
1797 2685 2098 2763 partemin
2127 2679 2266 2744 usus
2284 2682 2424 2744 eccl:
2457 2701 2722 2766 emptam

690 2767 809 2836 suis
836 2768 1172 2842 tradidiss'et,
1204 2769 1407 2834 reneka
1424 2767 1550 2848 filia
1575 2765 1678 2832 sua
1699 2769 2033 2832 Ermenilda
2063 2770 2196 2831 loco
2226 2768 2543 2844 abbatiffae,
2579 2793 2722 2853 pro-

690 2855 849 2925 festa
892 2857 978 2922 est
1020 2857 1097 2920 ad
1144 2854 1435 2921 Eliensem
1458 2852 1727 2933 insulam,
1770 2855 1876 2919 ubi
1924 2853 1960 2916 a
2005 2851 2203 2924 sorore
2227 2855 2330 2920 sua
2355 2857 2720 2923 Etheldreda

690 2945 973 3010 abbatiss'a
1001 2945 1307 3026 accipitur.

778 3029 1084 3096 Defuneta
1108 3031 1465 3096 Etheldreda
1493 3029 1650 3095 fasta
1685 3025 1770 3094 est
1805 3029 2117 3114 Sexburga
2151 3029 2434 3094 abbatiss‘a
2463 3031 2715 3098 Elienfis

690 3117 1002 3183 monaster:
1032 3135 1191 3180 anno
1220 3121 1301 3182 D.
1335 3121 1483 3201 679.

778 3205 1056 3286 sexburg
1074 3207 1233 3268 Non:
1254 3205 1380 3284 Juiz
1402 3206 1554 3269 obiit
1577 3203 1738 3288 apud
1765 3201 1899 3286 Ely,
1943 3203 2004 3266 &
2029 3202 2248 3268 ibidem
2267 3200 2492 3288 sepulta
2519 3205 2625 3271 est.
2645 3275 2652 3280 ,

776 3291 1141 3366 Ermenilda,
1186 3289 1307 3354 filia
1330 3293 1393 3356 S.
1424 3293 1770 3375 Sexburgoe,
1813 3289 2033 3374 nupfit,
2065 3293 2371 3376 WlpherO,
2403 3295 2526 3378 regi
2550 3298 2712 3359 Mer·

688 3379 920 3445 ciorum
946 3402 965 3454 3
1034 3395 1115 3442 ex
1132 3397 1261 3460 quo
1276 3381 1483 3462 genuit
1506 3379 1922 3462 werburgam.

777 3466 1026 3536 Mortuo
1048 3461 1179 3548 post
1208 3483 1231 3528 ι
1246 3483 1306 3542 7.
1334 3485 1475 3529 ann:
1505 3465 1860 3548 Wulphero,
1901 3465 2246 3529 Ermenilda
2273 3467 2432 3530 venit
2459 3467 2536 3530 ad
2566 3467 2711 3532 Sbe-

690 3567 857 3639 pege,
904 3551 1013 3616 ubi
1059 3553 1095 3615 ὶ
1144 3553 1451 3634 sexburga
1474 3567 1669 3615 matre
1709 3553 1891 3618 abbas
1917 3550 2073 3616 facta
2107 3551 2210 3616 est.
2301 3554 2470 3618 Obiit
2502 3557 2711 3618 Erme-

682 3643 855 3706 nilda
884 3639 989 3706 Idz
1014 3639 1188 3704 Febr:
1230 3640 1469 3724 Sepulta
1503 3639 1586 3702 est
1626 3640 1690 3704 in
1717 3641 1832 3724 Ely
1857 3659 1998 3704 cum
2041 3657 2226 3706 matre
2270 3643 2603 3728 Sexburga,
2646 3644 2710 3706 δε

683 3727 1045 3796 Etheldreda
1071 3743 1405 3792 matertera.

770 3817 1127 3901 Werburga,
1170 3815 1293 3878 filia
1316 3813 1698 3890 Ermenildae,
1743 3813 1872 3898 post
1897 3829 2154 3878 mortem
2181 3815 2489 3900 Wolpheri
2521 3817 2708 3902 patris

682 3897 774 3966 sui
801 3902 1037 3968 intravit
1064 3901 1376 3967 monaster=
1406 3903 1483 3968 de
1509 3903 1644 3984 Ely.
1731 3903 1922 3983 Cujus
1944 3900 2302 3966 sanctitatem
2330 3923 2472 3966 cum
2501 3903 2704 3967 Ethel-

682 3987 885 4066 redus,
908 4001 1039 4054 'rex
1082 3991 1270 4055 Merc:
1298 3989 1427 4072 qius
1466 4005 1735 4073 patruus,
1778 3989 2156 4074 cognovisset,
2201 4003 2225 4037 ⁶
2251 3991 2574 4055 abductam
2624 4011 2705 4056 ex

746 4137 778 4175 ο
807 4123 917 4202 naq
932 4138 1023 4176 vox
1040 4121 1104 4174 bis
1124 4121 1309 4176 bahem
1324 4125 1371 4175 in
1389 4123 1465 4176 M
1464 4125 1514 4174 S.
1543 4121 1846 4204 asteriswsque
1867 4125 2000 4175 etiam
2029 4127 2214 4194 ponitur
2229 4127 2276 4176 iu
2298 4142 2400 4176 mar
2429 4161 2443 4176 .
2541 4123 2568 4176 b
2601 4127 2709 4176 Pri-

680 4205 827 4308 m
820 4187 1149 4308 &ebat-1122
1144 4191 1228 4304 riui
1246 4201 1345 4259 ιιι.
1365 4207 1446 4251 2⁴-
1468 4203 1630 4254 nnms,
1659 4191 1876 4262 :egnavit
1899 4193 1994 4245 &c-
2060 4193 2150 4244 Sed
2181 4207 2278 4260 reg.
2313 4203 2376 4260 po
2413 4207 2468 4244 ea
2487 4191 2703 4260 expunxit

1154 4317 1161 4324 ’
2587 4320 2700 4404 Ely
