2975 4800
462 212 1151 305 ANTIQUARII
1237 218 2110 301 coLLEc‘rANEA„
2506 218 2636 311 σις

354 348 668 430 Reynalde
690 349 763 411 de
783 351 933 413 Trie
950 346 1061 413 dor
1080 371 1113 411 a
1133 370 1213 412 un
1235 348 1429 413 bende
1446 348 1632 414 dazur
1655 370 1686 412 a
1711 372 1794 414 un
1811 351 1965 415 label
1985 352 2062 416 de
2081 352 2311 439 gouleS.

364 440 456 498 Le
486 453 705 499 counte
734 437 811 500 de
831 438 983 499 Vian
1012 438 1087 501 de
1114 437 1321 521 goules
1350 458 1383 499 a
1410 457 1530 501 une
1569 439 1702 521 egle
1733 440 1866 502 dor.

362 526 573 607 Roget
601 525 677 586 de
700 525 997 604 Moubrey
1019 524 1096 587 de
1124 526 1335 608 go'ules
1362 544 1397 584 a
1420 544 1502 587 un
1533 525 1652 587 lion
1675 542 1949 610 rampant
1971 528 2245 613 dat-gent.

362 614 595 674 Robert
626 612 701 674 de
722 608 867 674 Ross
898 611 973 673 de
994 612 1201 695 goules
1232 631 1265 672 a
1296 613 1432 674 treis
1462 613 1581 674 buz
1603 613 1875 697 dax-gent.

362 700 553 780 Hugo
582 698 656 769 de
682 698 889 762 Nevile
910 698 1094 761 dazur
1118 718 1153 761 a
1184 718 1263 762 un
1290 700 1415 761 lion
1446 717 1717 780 rampant
1740 700 1872 763 dor.

266 865 297 929 l
361 784 611 867 Geffrey
658 784 734 849 de
784 784 983 868 Luscy
1010 784 1085 849 de
1130 784 1337 869 goules
1377 785 1607 871 poudre
1649 808 1686 850 a
1727 788 1915 852 eroifil
1941 788 2056 853 dor
2094 811 2130 852 a
2169 793 2310 857 treis

302 890 383 934 uz
412 874 545 935 dor.

358 960 595 1022 Robert
622 960 696 1023 de
725 958 935 1039 Nevile
964 956 1041 1022 de
1068 957 1277 1043 goules
1307 982 1343 1023 a
1373 978 1489 1021 une
1521 956 1722 1024 fautor
1746 961 2020 1046 dau-gent.

362 1050 557 1109 Garin
586 1047 661 1109 de
691 1046 1077 1129 Baffingburn
1103 1068 1329 1129 geroun
1370 1047 1482 1111 dor
1507 1062 1568 1111 et
1593 1050 1794 1112 dazur.

272 1216 317 1282 f
365 1134 643 1197 Thomas
673 1130 930 1197 Bardulf
966 1134 1147 1199 dazur
1172 1134 1403 1217 pondre
1440 1155 1475 1196 a
1523 1136 1714 1199 croifil
1735 1136 1846 1201 dor
1871 1158 1904 1201 e
1932 1140 2072 1205 treis
2095 1142 2306 1224 quinte

306 1220 499 1282 oildes
527 1220 659 1283 dor.
1970 1242 1974 1245 ’

364 1308 522 1369 Gnl:
564 1304 641 1369 sff
660 1304 777 1370 fret·
804 1308 987 1371 dazur
1020 1326 1056 1369 a
1086 1322 1241 1389 treys
1270 1310 1479 1391 quinte
1508 1306 1678 1371 foiles
1707 1310 1838 1373 dor.

362 1394 574 1457 Fouke
594 1394 671 1458 de
692 1398 995 1457 Karketon
1020 1394 1095 1457 de
1111 1397 1319 1479 goules
1345 1413 1405 1459 et
1426 1418 1511 1459 un
1529 1395 1722 1461 fautor
1745 1398 1997 1483 dargent
2017 1402 2296 1487 engralre.

362 1560 649 1630 Nicolaus
678 1562 755 1627 de
784 1506 1063 1668 Manforfit·
1092 1562 1257 1625 unde
1295 1563 1546 1648 dargent
1584 1586 1618 1627 e
1659 1564 1738 1628 de
1761 1566 1996 1649 goules.

362 1730 627 1795 Richa'rd
654 1730 731 1797 de
756 1730 811 1795 la
832 1730 1044 1794 Moore
1067 1727 1375 1814 esquartile
1392 1732 1641 1816 dar-gent
1663 1748 1724 1795 et
1747 1732 1966 1799 dazure
1991 1735 2270 1801 endente.
2377 1788 2394 1799 .

362 1816 657 1881 Eustache
688 1820 762 1882 de
792 1818 1003 1881 Bailiol
1028 1819 1103 1881 de
1125 1821 1335 1901 goules
1362 1841 1395 1882 a
1430 1841 1510 1882 un
1541 1818 1670 1883 faus
1697 1820 1970 1885 eskochin
1999 1824 2268 1908 dargent.

366 1906 457 1969 Le
482 1922 699 1970 counte
728 1906 803 1969 de
850 1905 1199 1969 Pennebrok
1244 1923 1415 1987 party
1460 1907 1574 1969 dor
1612 1928 1646 1969 e
1682 1907 1758 1971 de
1807 1924 1934 1969 vert
1981 1930 2018 1971 a
2058 1930 2144 1975 un
2186 1912 2312 1977 lion

282 1992 1473 2145 ‘²3²331532‘533321213‘3333?ss
1486 1993 1932 2145 ὲὲἓὲἷωωε
1971 2103 2006 2145 a
2047 2102 2136 2147 u„
2176 2086 2313 2151 ειη.
2417 2136 2425 2159 ,

280 2185 483 2230 veron
512 2167 793 2231 dermine.

368 2254 529 2332 John
552 2256 629 2319 de
652 2253 845 2335 Plescy
875 2253 1125 2338 dargent
1153 2274 1187 2317 a
1218 2255 1361 2316 treis
1388 2252 1657 2319 mol-ettes
1685 2255 1758 2319 de
1779 2256 1986 2340 goules
2015 2278 2234 2341 ρει-σεε.

371 2344 463 2404 Le
488 2358 703 2406 counte
732 2343 827 2405 del
853 2344 961 2407 Ille
990 2344 1063 2407 de
1091 2342 1297 2426 goules
1326 2364 1359 2405 a
1393 2344 1530 2406 treis
1560 2342 1752 2408 barres
1773 2344 1886 2409 dor
1913 2346 2189 2431 diasprez.
2323 2370 2440 2440 rag.
2461 2386 2574 2432 904,

253 2431 260 2441 '
368 2430 601 2494 Walter
642 2431 1007 2515 Belchaump
1042 2430 1331 2514 equartile
1363 2433 1475 2494 dor
1522 2451 1558 2492 e
1593 2431 1670 2494 de
1696 2433 1903 2517 goules
1930 2455 1966 2498 a
2003 2456 2092 2510 „un
2119 2437 2310 2506 bende

284 2515 365 2580 de
399 2521 627 2598 gomes-

371 2607 511 2686 Guy
538 2607 611 2668 de
634 2603 993 2668 Rocheforte
1013 2602 1323 2687 esquartile
1351 2605 1463 2668 dor
1492 2621 1552 2669 et
1590 2605 1666 2667 de
1691 2607 1918 2689 goules.

373 2693 490 2767 Jon
532 2693 609 2755 de
636 2695 853 2757 Berua·
892 2689 1206 2776 esqnartile
1239 2693 1348 2754 dor
1390 2709 1453 2756 et
1490 2695 1564 2755 de
1603 2710 1766 2756 verte
1789 2715 1822 2754 a
1861 2715 1978 2756 une
2013 2694 2187 2760 laben
2233 2698 2310 2764 de

364 2779 507 2842 ales·

276 2799 613 2948 goGeffrey
634 2866 710 2929 de
734 2865 1097 2948 Belehaump
1124 2862 1433 2948 esquartile
1460 2864 1712 2948 dat-gent
1739 2889 1772 2930 e
1801 2866 1876 2930 de
1897 2865 2069 2931 sable.

376 2953 525 3017 Rafe
574 2953 650 3015 de
679 2957 931 3035 Camoys
972 2955 1081 3018 dor
1122 2954 1180 3014 al
1222 2951 1366 3016 chef
1402 2953 1476 3014 de
1518 2954 1728 3036 goules
1777 2974 1836 3014 a·
1869 2957 2004 3018 treis
2049 2955 2312 3040 gastelles

292 3041 545 3123 <largent
576 3042 639 3101 6.
671 3038 829 3103 chef.
1108 3051 1117 3061 ·

378 3129 611 3192 Walter
638 3125 897 3190 Maldust
925 3128 1173 3212 dargent
1202 3147 1235 3188 a
1263 3127 1409 3191 deus
1438 3126 1638 3190 barres
1669 3125 1743 3191 de
1767 3129 1997 3211 goules.

380 3216 609 3278 ArnaRd
654 3215 749 3277 del
794 3216 963 3298 boyis
990 3217 1239 3299 (largent
1284 3235 1319 3280 a
1361 3214 1510 3278 deus
1536 3214 1730 3279 barres
1759 3216 1834 3279 de
1872 3217 2080 3302 goules
2121 3239 2156 3282 a
2195 3241 2316 3286 une

300 3301 516 3366 Kantel
546 3303 621 3366 de
648 3303 878 3386 genle-s,
1152 3311 1164 3324 '

374 3394 617 3472 ingram
646 3389 743 3451 del
766 3389 939 3455 Meu-k
968 3389 1041 3451 de
1069 3391 1277 3475 goules
1304 3409 1335 3452 a
1372 3409 1485 3452 une
1511 3389 1633 3454 lion
1663 3407 1934 3472 rampant
1962 3393 2232 3478 dargent.

376 3477 610 3540 Walter
641 3479 855 3540 Marte]
885 3479 959 3539 de
988 3480 1193 3558 goules
1222 3497 1256 3538 a
1289 3479 1419 3539 treis
1448 3479 1742 3542 man-telles
1769 3481 2038 3562 dargent.

376 3565 703 3626 Baudewin
728 3563 801 3627 de
832 3565 1067 3646 Frivjlle
1086 3566 1163 3627 de
1186 3583 1322 3644 veyt·
1343 3585 1375 3625 a
1408 3585 1520 3626 une
1548 3585 1720 3646 croyz
1745 3567 1964 3648 paffant
1988 3567 2063 3629 de
2081 3567 2312 3652 goules,

374 3651 635 3716 William
667 3651 1058 3734 Dodingceles
1091 3654 1341 3736 dargent
1383 3673 1420 3714 a
1464 3671 1582 3714 une
1609 3649 1745 3714 feffe
1774 3653 1850 3715 de
1874 3655 2084 3736 goules
2112 3675 2146 3718 a
2171 3655 2320 3720 deus

290 3739 521 3802 rouel&
550 3741 625 3802 de
652 3741 821 3820 gules
852 3761 909 3801 v.
944 3735 1115 3802 chef.-

378 3827 607 3890 Robert
635 3832 943 3910 Augeuyn-
962 3827 1037 3888 de
1063 3824 1270 3910 goules
1300 3845 1335 3888 a
1361 3845 1483 3888 une
1515 3824 1744 3888 florette
1773 3825 1908 3890 dor.

378 3915 580 3996 Philip
608 3916 906 3976 Marmion
934 3915 1009 3975 de
1036 3933 1173 3994 veyr
1202 3933 1235 3974 a
1263 3933 1379 3976 une
1408 3909 1542 3975 fess'e
1581 3911 1654 3975 de
1681 3913 1912 3996 gouleS.

382 3999 673 4064 Edwarde
700 4003 775 4064 de
807 4001 1041 4082 paveley
1070 4001 1288 4064 dazure
1312 4021 1347 4060 a
1380 4019 1463 4062 un
1494 4019 1662 4080 croys
1693 4001 1804 4064 dor
1829 3996 2122 4066 recersele.

384 4089 571 4172 Hugh
602 4088 679 4152 de
710 4085 869 4152 Huse
898 4091 1075 4151 Barre
1102 4087 1367 4150 det-mine
1407 4107 1441 4148 e
1470 4085 1546 4148 de
1573 4086 1798 4168 goules.

380 4173 575 4261 Philip
600 4175 681 4240 de
728 4176 807 4242 fiz
854 4175 1147 4242 Mannion
1184 4174 1425 4240 ebartile
1471 4173 1720 4259 dargent
1763 4195 1798 4238 e
1841 4175 1916 4241 de
1957 4175 2166 4262 goules
2219 4197 2318 4240 en-

294 4257 502 4328 dente.
1402 4326 1409 4334 .
2129 4331 2138 4340 .

726 4369 772 4430 4
1779 4399 1794 4410 .
2163 4347 2322 4430 John
