2975 4800
425 331 1128 420 ANT1QJAR11
1213 321 2073 394 coLLEc'rANEA.
2482 339 2621 422 3⁰3

263 461 484 526 ralitate
531 465 882 528 tenuitatem
927 455 1124 526 victus
1171 461 1531 527 emendaret.
1630 466 1701 526 In
1742 461 1903 526 brevi
1932 463 2087 526 enim
2132 475 2282 526 tem·
2318 505 2333 530 .

263 569 400 633 pore
427 549 711 614 scholares
769 551 1108 614 rudimenta
1137 551 1469 614 erudientes
1516 553 1579 614 in
1609 553 1897 634 exiguum
1926 566 2280 614 conventum

261 638 618 701 convaluere.
727 641 960 700 Horum
1011 641 1167 700 enim
1215 637 1493 720 exemplo
1520 639 1579 700 δε
1636 635 1927 700 consortio
1972 637 2283 700 Aldelmus

259 723 604 788 informatus
641 725 720 786 ad
755 725 996 806 plenum
1035 724 1300 788 liberales
1327 741 1478 787 artes
1516 725 1871 808 plenitudini
1904 720 2147 786 scientiae
2177 725 2277 788 ad·
2306 749 2415 814 Peg.
2440 751 2549 806 3²⁶·

237 812 410 894 jecit,
453 833 608 895 quas
641 827 710 874 ut
739 813 1087 876 medullitus
1117 813 1376 874 hauriret
1397 813 1667 876 Cantiam
1699 811 1865 888 adiit,
1911 811 1971 873 sc
2000 809 2077 873 ad
2107 810 2283 896 pedes

261 899 498 961 Adriani
517 895 881 980 Philosophi,
927 901 1038 982 qui
1066 896 1260 983 postea
1293 895 1759 982 archiepiscopus
1786 895 1977 960 fastus
2000 895 2137 976 fuit,
2186 919 2289 982 per

263 1001 490 1066 tempus
519 987 766 1067 aliquod
801 987 1048 1061 studuit,
1093 989 1151 1048 &
1181 985 1370 1068 postea
1395 987 1755 1050 Meldunum
1787 987 2107 1070 repedavit,
2142 987 2199 1048 8t
2223 987 2287 1048 in

259 1070 549 1138 consortio
567 1073 820 1136 Maildul
829 1075 932 1156 phi
955 1093 1090 1136 cum
1117 1069 1414 1156 discipulis
1435 1072 1468 1136 s
1463 1077 1547 1138 uis
1578 1073 1877 1138 monachis
1896 1067 2161 1136 attonsus
2182 1073 2289 1138 est.

269 1157 586 1222 Castellum
625 1179 769 1222 vero
819 1161 1312 1246 praenominatum
1366 1177 1508 1224 tunc
1558 1159 1673 1224 fuit
1720 1163 1785 1224 in
1824 1161 2093 1224 dominio
2140 1157 2289 1244 epis·

259 1249 400 1393 1copi
428 1247 934 1398 Eleuthrgiimqgi
951 1248 1384 1398 gomimffim
1430 1250 1490 1312 in
1544 1263 1669 1311 tota
1702 1245 2289 1400 Westssx?nia1·⁹1,·qu·¹

283 1349 430 1396 ntum
487 1355 666 1396 mona
717 1353 820 1396 ern
915 1357 947 1398 e
993 1353 1060 1411 tt,
1179 1355 1216 1397 u
1359 1355 1521 1399 nunc
1576 1351 1821 1400 vocatur
1940 1357 1975 1398 a
1998 1355 2091 1400 me
2162 1355 2263 1400 ma

261 1417 458 1484 sancto
479 1421 762 1484 Aldelmo
788 1441 923 1484 cum
955 1357 1176 1486 δειωῐὲ
1201 1421 1488 1504 pastorali.
2269 1383 2291 1413 ⁹

337 1508 524 1594 Qod
555 1507 590 1568 a
619 1509 871 1590 pueritia
923 1511 984 1572 in
1021 1509 1392 1574 Meidunensr
1441 1509 1721 1574 coeaobio
1770 1505 1947 1573 fuerit
1978 1507 2291 1572 Aldelmus

260 1595 414 1657 altus
445 1597 506 1658 8τ
543 1595 758 1660 doctus
778 1597 1160 1661 Eleutherius
1187 1594 1497 1680 episcopus
1536 1591 1987 1662 westsaxonum
2036 1595 2293 1660 insinuat

259 1680 320 1744 in
354 1683 693 1765 privilegiis,
739 1701 874 1766 quae
893 1684 1082 1748 eidem
1097 1683 1382 1748 Aldelmo
1405 1687 1682 1762 contulit,
1730 1685 1791 1746 ἃ
1820 1685 1883 1748 in
1910 1684 2131 1748 chartis
2150 1703 2292 1748 cum

261 1768 499 1832 abbatia
531 1772 590 1831 δι
624 1768 734 1832 fitu
769 1769 1120 1836 monasterii.

339 1857 526 1942 Qod
559 1856 898 1940 Meildulph
929 1855 1048 1922 fuit
1087 1861 1306 1941 primus
1334 1861 1603 1922 omniurn
1652 1858 1960 1920 hominum
1992 1853 2293 1942 religioso-

261 1963 390 2006 rum
417 1947 522 2026 qui
555 1944 894 2007 coenobium
916 1945 1076 2026 apud
1106 1945 1490 2028 Malmelbyri
1519 1946 1915 2018 ordinaverat,
1946 1943 2115 2023 (tunc
2134 1945 2293 2006 enim

261 2032 578 2093 vocabatur
627 2029 985 2114 Ingelbourn
1034 2031 1273 2116 Castel,)
1322 2037 1565 2118 Sergius
1594 2050 1747 2113 papa
1794 2030 2101 2112 proximus
2146 2049 2291 2114 prae·

264 2121 602 2268 geminatus
631 2121 690 2182 in
729 2120 1040 2204 privilegio
1079 2121 1248 2204 quod
1281 2125 1344 2186 S.
1393 2119 1679 2186 Aldelmo
1716 2116 1972 2181 contulit
2001 2112 2137 2180 satis
2188 2117 2291 2182 de-

315 2223 459 2270 arat.

349 2293 536 2374 Quod
559 2289 869 2354 Aldelmus
896 2289 1012 2356 fuit
1035 2289 1142 2358 sub
1166 2291 1464 2376 disciplina
1489 2291 1847 2376 Maildulphi
1874 2291 2083 2374 &ejus
2104 2291 2295 2356 alum-

267 2397 372 2443 nus
403 2381 560 2444 Beda
587 2379 892 2461 Presbyter
919 2381 976 2443 in
1004 2383 1312 2447 Chronicis
1335 2382 1445 2447 suis
1481 2379 1616 2445 [itis
1646 2381 1928 2445 declarat.

345 2468 532 2553 Qod
577 2470 922 2531 coenobium
949 2468 1142 2533 fuerat
1170 2470 1521 2534 fabricatum
1552 2469 1585 2531 :i
1614 2470 1791 2532 beato
1818 2468 2202 2553 Meildulpho
2230 2468 2293 2531 in

269 2550 488 2619 honore
515 2552 916 2638 apostolorum
965 2558 1122 2619 Petri
1173 2558 1232 2621 &
1281 2560 1446 2621 Pauli
1479 2558 1721 2641 Sergius
1750 2558 1907 2639 Papa
1950 2558 2013 2619 in
2056 2556 2291 2639 privile-

273 2644 378 2724 giis
407 2642 560 2705 datis
603 2644 666 2704 S.
696 2642 978 2705 Aldelmo
1007 2642 1142 2707 satis
1182 2644 1458 2709 declarat.

349 2730 536 2815 Qod
565 2728 836 2792 doctriua
867 2730 928 2793 δε
955 2727 1188 2793 scientia
1219 2734 1283 2793 S.
1312 2731 1568 2795 Aldelmi
1609 2752 1713 2815 per
1740 2725 2073 2793 universum
2120 2748 2293 2793 mun·

271 2814 431 2891 dum,
467 2816 570 2879 ubi
593 2816 792 2879 cultus
821 2816 1290 2897 ChristianitatiS,
1338 2822 1665 2893 colebatur,
1696 2816 2005 2902 magnifice
2033 2818 2160 2897 ejus
2193 2818 2295 2881 de-

271 2902 590 2966 monstrant
619 2902 878 2985 epistolae
909 2906 1082 2967 misl‘ae
1113 2906 1478 2969 studentibus
1504 2906 1806 2978 Bononiae,
1856 2904 2161 2976 Coloniae‚'
2188 2908 2295 2967 Pa-

271 2988 430 3066 rifiis,
459 2994 659 3055 Mouti
687 2992 1002 3071 pessulano,
1035 2995 1094 3055 81
1122 2994 1326 3056 ceteris
1348 2996 1615 3077 partibus
1640 2988 1957 3069 forinsecis,
2003 3005 2073 3054 ut
2102 2992 2161 3055 in
2182 2994 2299 3055 vita

272 3074 369 3139 sua
393 3095 598 3161 aperte
623 3080 982 3142 declaratur.

349 3168 532 3252 Qod
571 3165 818 3249 quidam
847 3168 1028 3231 abbas
1059 3166 1486 3241 Abbendoniae,
1536 3168 1788 3231 Faritius
1814 3168 2071 3242 nomine,
2115 3166 2299 3231 vitam

271 3246 427 3317 suam
455 3250 852 3335 descripserat,
901 3256 960 3317 δε
989 3253 1288 3318 historiam
1335 3257 1411 3316 de
1457 3276 1531 3318 eo
1579 3254 1888 3317 ediderat=
1952 3251 2045 3316 sed
2080 3248 2297 3335 postea,

277 3342 412 3421 quia
444 3341 594 3404 rude
644 3341 1036 3422 compositum
1083 3339 1296 3415 fuerat,
1345 3344 1681 3405 Gulielmus
1708 3340 2133 3405 Meildunenfis
2173 3360 2303 3401 mo·

277 3428 494 3490 uachus
523 3428 584 3491 8ο.-
613 3443 938 3510 praecentor
966 3429 1150 3491 modo
1197 3428 1428 3492 decenti
1459 3432 1521 3491 8r
1561 3448 1773 3491 ornato
1802 3428 1952 3509 stylo
1984 3443 2171 3491 totam
2212 3428 2300 3490 vi·

279 3528 394 3575 tam
416 3511 580 3578 suam
611 3514 982 3600 investigavit
1005 3518 1064 3578 8τ
1093 3514 1418 3597 composuit
1439 3516 1514 3577 de
1537 3516 1805 3598 pueritia,
1852 3516 1927 3578 de
1960 3517 2299 3597 juventute,

277 3598 349 3664 de
377 3598 688 3677 stndtute,
735 3602 811 3664 de
842 3604 1195 3667 monachatu
1228 3604 1287 3665 &
1314 3599 1673 3685 episcopatu,
1722 3605 1797 3666 de
1830 3604 2021 3677 obitu,
2067 3602 2147 3664 de
2189 3603 2301 3663 mi·

279 3688 478 3751 faculis
532 3700 670 3752 ante
726 3690 979 3764 obitum,
1054 3692 1114 3753 &¹
1167 3692 1294 3773 post
1348 3712 1451 3773 per
1500 3690 1953 3753 insinuationem
2006 3688 2301 3775 librorum

279 3776 452 3924 ffedae
503 3776 834 3859 presbyteri
875 3776 1058 3839 modo
1103 3776 1308 3840 debito
1345 3780 1404 3839 8r
1431 3778 1793 3861 competenti
1820 3774 2171 3841 sufficienter
2205 3796 2299 3841 or·-
2321 3800 2433 3868 Pag.
2458 3818 2573 3864 377,

319 3864 516 3925 mavit.

363 3950 766 4033 Migravitque
797 3950 954 4013 idem
997 3954 1058 4015 S.
1089 3954 1178 4017 vir
1203 3952 1280 4015 ad
1327 3952 1637 4016 dominum
1688 3972 1849 4017 anno
1887 3954 2168 4017 incarnat:
2214 3956 2299 4018 D.

285 4054 427 4116 709.
471 4039 530 4099 81
559 4040 620 4100 in
649 4038 894 4121 capella,
937 4059 1121 4123 quam
1159 4039 1281 4124 ipse
1323 4042 1729 4105 construxerat
1757 4038 1815 4104 se
1844 4044 2073 4103 vivente
2102 4042 2162 4103 in
2191 4040 2303 4104 ho·

287 4144 479 4187 norem
501 4128 614 4187 Dei
644 4126 708 4187 Sc
737 4130 800 4188 S.
828 4128 1164 4203 Michaelis,
1197 4144 1265 4191 ut
1297 4130 1460 4211 prius
1487 4130 1760 4213 elegerat,
1790 4128 1824 4189 ὲ
1848 4130 2024 4191 beato
2048 4130 2309 4211 ngino

289 4208 364 4273 est
393 4208 674 4294 sepultus.
763 4216 924 4277 Ante
959 4218 1122 4278 lnam
1173 4236 1370 4299 regem
1407 4222 1559 4281 asi-T
1587 4220 1683 4281 18.
1728 4233 1865 4279 ante
1897 4215 2119 4279 Bedam
2148 4214 2309 4277 ceffit

296 4380 436 4444 ιιι-Τ
461 4326 560 4462 1⁷5.
608 4376 898 4443 Batulum
941 4378 1288 4463 pastoralem
1317 4380 1523 4445 datum
1556 4378 1629 4445 ab
1658 4380 2007 4447 Eleutherio
2033 4334 2311 4458 episcopo

2000 4482 2105 4541 31·
2150 4464 2317 4524 annis
