2975 4800
393 189 1122 286 ANTtQUARII·
1187 191 2039 264 coLLEcTANEA.
2442 195 2581 288 3⁸9

279 331 704 396 Northbertus
732 330 870 393 ord:
887 328 1493 394 Praernonstratensem
1516 333 1765 397 instituit
1784 351 1935 396 anno
1952 337 2035 398 D.
2058 351 2081 396 1
2102 351 2125 396 1
2146 351 2243 416 19.

289 421 659 503 Ranulphus
685 415 997 500 episcopus
1025 420 1382 482 Dunelmen:
1413 419 1685 482 detrusus
1732 422 1793 482 in
1842 423 2051 482 turrim
2084 425 2244 482 Lon·

207 504 356 568 don:
407 507 486 569 ab
537 507 800 568 Henrico
835 515 926 569 10.
957 507 1143 586 Angl:
1187 526 1324 586 rege
1351 509 1530 568 Anno
1560 511 1639 570 D.
1682 525 1867 570 1100.-
1898 508 2247 588 Ranulphus

211 591 524 676 episcopus
552 593 912 656 Dunelmen:
941 590 1134 655 fraCto
1163 611 1386 658 carcere
1413 592 1649 678 aufugit
1686 595 1760 655 ad
1794 595 2119 656 Robertum
2146 605 2247 656 co·

209 683 417 742 mitem
447 683 742 742 Norman:

296 766 484 828 Multi
515 766 748 829 nobiles
775 765 1020 828 consilio
1049 766 1350 849 Ranulphi
1379 764 1717 831 defecerunt
1744 767 1819 828 ab
1852 767 2105 830 chrico
2154 777 2235 832 ι’.

213 853 290 915 ad
317 856 658 918 Robertnm
685 856 889 916 comit:
915 857 1246 916 Non-mann:
2270 903 2279 912 .

299 940 476 1002 fasta
521 961 670 1022 pace
715 943 866 1004 inter
905 945 1092 1004 Henr:
1146 943 1202 1002 8:
1241 941 1574 1006 Robertum
1611 936 1838 1017 fratres,
1886 940 2241 1023 Ranulphuz

209 1024 516 1109 episeopus
545 1024 667 1090 sedi
698 1026 998 1096 restitutus
1023 1025 1128 1090 est.

301 1117 595 1178 Henricus
621 1135 730 1176 rex
757 1115 940 1198 Angl:
970 1113 1240 1176 Oiberno
1263 1114 1606 1192 vicecomiti,
1650 1117 1709 1178 δι
1738 1113 1965 1194 Liulfo,
2008 1118 2070 1180 &
2094 1117 2243 1182 Alu-

217 1199 344 1264 rico
373 1203 446 1264 de
473 1200 832 1285 Coleburgh
861 1201 1130 1264 salutem.
2200 1236 2213 1262 ι
2268 1210 2559 1278 coleburgh.

879 1321 934 1383 E
975 1321 1194 1386 Charta
1223 1323 1466 1387 Henrt‘ci
1483 1325 1586 1386 '11'-

1510 1441 1561 1473 ln

297 1489 554 1575 Copfius
583 1491 752 1556 dedit
775 1495 839 1555 S.
873 1491 1208 1556 Cuthberto
1249 1507 1464 1556 terram
1494 1493 1571 1555 de
1619 1489 1977 1557 Clivelande.
2066 1489 2245 1558 Teste

217 1573 446 1642 Ursone
475 1581 552 1642 de
582 1581 812 1643 Abetot
841 1581 1002 1661 apud
1037 1575 1348 1642 Hereford.

303 1669 514 1730 Cnido
563 1669 644 1729 de
695 1666 913 1730 Baileol
964 1669 1028 1728 in
1073 1667 1440 1730 Dirhamfflir
1484 1682 1749 1750 tempore
1788 1669 2019 1730 Henrici
2068 1669 2239 1750 primi

217 1749 556 1835 Prohibitus
575 1775 652 1816 ne
665 1749 730 1816 fu
735 1771 899 1837 geret
923 1757 982 1816 iu
999 1751 1218 1816 forestis
1239 1756 1362 1816 Rau
1372 1755 1428 1816 ul
1435 1755 1539 1837 phi
1560 1751 1813 1837 episcopi
1835 1755 2195 1819 Dunelmen:

304 1840 488 1904 Teste
510 1841 698 1903 wald
725 1840 1020 1904 Cancella:
1042 1857 1070 1887 α
1089 1863 1186 1904 me
1211 1841 1368 1922 apud
1391 1845 1612 1903 Barton
1642 1838 1701 1903 su
1708 1863 1810 1925 per
1839 1842 2197 1904 Humbram.
2538 1903 2579 1924 ..

303 1931 496 1991 Henr:
527 1949 638 1992 rex
666 1927 874 1990 Liulfo
900 1929 960 1990 81
990 1927 1230 1992 Alurico
1257 1929 1438 1991 vicec:
1485 1925 1753 1990 salutem.
1860 1927 2146 2008 Praecip‘ro
2178 1941 2243 1990 ut
2276 1951 2381 2016 vag.
2403 1943 2513 2009 537,

219 2015 642 2080 rectitudinem
687 2012 912 2078 faciatis
949 2011 1210 2081 Ranulfo
1257 2013 1532 2098 episcopo
1580 2015 1941 2077 Dunclmen:
1980 2015 2055 2076 de
2096 2030 2248 2076 terra

1281 2118 1495 2180 champis

221 2185 298 2246 de
321 2189 470 2262 Ros,
515 2207 700 2270 quam
725 2187 1022 2250 Robertus
1047 2185 1120 2248 de
1139 2181 1499 2246 Muschamis
1525 2201 1963 2267 praeoccupatus
1984 2183 2065 2248 est
2082 2183 2251 2268 super

215 2273 366 2336 eccl:
399 2277 462 2336 S.
496 2274 850 2336 Cutheberti
877 2275 992 2335 &c.
1081 2270 1265 2335 Teste
1293 2273 1611 2354 Ranulpho
1638 2274 1935 2336 cancellar:
1962 2265 1977 2276 ⁶

305 2363 596 2425 Henricus
626 2363 852 2443 primus
881 2357 1102 2440 scripfit
1129 2357 1396 2423 Oiberno
1425 2360 1604 2425 vicec:
1636 2362 1711 2424 de
1740 2359 2143 2437 Everwikssuir,
2178 2368 2245 2423 tit

211 2448 498 2513 'redderet
539 2449 840 2513 Robertus
885 2446 1189 2511 Fossardus
1229 2444 1681 2511 consuetudines
1727 2451 2049 2527 Ranulpho
2096 2448 2241 2531 epis·

221 2557 376 2618 copo
409 2556 522 2618 pro
551 2538 722 2599 terris
767 2538 828 2599 in
871 2535 1176 2597 Hoveden.
1263 2533 1442 2597 Teste
1471 2534 1773 2599 Richardo
1814 2536 1890 2597 de
1930 2536 2240 2609 Redueris,

217 2624 530 2690 Richardo
585 2623 659 2685 de
715 2622 923 2685 Bonda
972 2622 1128 2697 villa,
1195 2622 1254 2685 &
1329 2624 1569 2705 Rogero
1646 2623 1721 2684 de
1778 2620 2023 2685 Cosncrs
2080 2625 2242 2703 apud
2266 2622 2557 2674 Bondevinn.

219 2708 598 2774 windesore.
683 2756 688 2763 .

309 2849 498 2915 Teste
525 2845 756 2913 Ursone
799 2848 876 2911 de
922 2847 1147 2911 Abetot
1193 2849 1252 2911 &
1299 2844 1582 2943 Eustach:
1630 2844 1707 2908 de
1750 2844 2053 2925 Erytheoil
2072 2844 2249 2927 ,apud

223 2934 537 3019 Ramesey.
747 3018 976 3069 Ameana
1039 3038 1068 3069 u

311 3090 515 3153 Heme
560 3108 686 3161 rex,
745 3092 824 3149 A:
872 3088 949 3147 de
989 3088 1244 3151 Bolmer.

295 3170 498 3239 'Teste
527 3173 856 3237 wilhelmo
887 3175 1124 3237 Peverel
1154 3176 1229 3237 de
1255 3170 1645 3255 Notingham.

311 3316 444 3377 Rex
491 3314 677 3375 Henr:
731 3322 809 3373 1⁵.
839 3312 1108 3375 concessit
1138 3308 1374 3392 fingulis
1405 3308 1615 3371 diebus
1642 3309 1967 3371 Dominicis
2004 3307 2069 3369 in
2095 3310 2249 3372 Nor-

225 3414 372 3463 tuna
401 3399 730 3481 Ranulpho
756 3396 1027 3480 episcopo
1056 3398 1408 3461 Dunehnen:

311 3486 502 3549 Teste
533 3485 802 3548 Roberto
831 3488 906 3553 t’e
937 3492 1124 3565 Bruys
1156 3484 1316 3567 apud
1354 3482 1541 3545 Ebor:

315 3622 504 3687 Teste
530 3622 678 3682 Gul:
715 3620 790 3681 de
817 3616 1114 3679 Tancardi
1135 3616 1272 3677 villa
1300 3613 1458 3696 apud
1477 3610 1841 3673 Windesore.

311 3710 588 3793 Nigellus
625 3706 698 3769 de
749 3704 1036 3767 Albaneio
1063 3699 1330 3785 spoliavit
1358 3697 1501 3761 eccl:
1534 3702 1596 3762 S.
1629 3697 1941 3759 Cuthberti
1988 3696 2063 3757 de
2106 3702 2249 3760 Ber-

223 3814 426 3864 melon
481 3798 541 3859 8ι
594 3794 1030 3875 Skirvingham,
1077 3809 1225 3871 quas
1274 3784 1474 3871 postea
1514 3782 1786 3847 reddidit.
1872 3780 2051 3844 Teste
2100 3784 2249 3849 Male

195 3906 360 3957 ’mea
402 3886 676 3967 conjuge.

315 3973 577 4035 Abbatia
616 3974 678 4035 S.
701 3966 976 4028 Germani
1007 3962 1084 4027 de
1114 3960 1346 4041 Saleby.
1870 4013 1874 4021 ,
2133 4036 2142 4041 -

309 4060 584 4143 Nigellus
614 4058 690 4121 de
718 4054 1005 4115 Albeneio
1030 4046 1310 4135 disposuit
1339 4046 1556 4128 atejus
1584 4064 1797 4129 corpus
1823 4038 2157 4129 sepeliretur
2184 4044 2247 4107 in
2364 4118 2369 4122 .

213 4149 540 4214 monaster:
574 4148 636 4207 S.
669 4142 912 4205 Albani.

211 4317 218 4323 .
313 4234 670 4318 Ranulphus
697 4226 998 4317 episcopus
1027 4224 1385 4379 Duneigient
1433 4220 1599 4331 dedit
1636 4236 1751 4285 una
1778 4238 1916 4285 cum
1945 4216 2253 4369 ηιὲἓὲξῖἑὶε

1166 4350 1194 4381 a
1261 4346 1315 4380 lc.
